3417 5234
854 371 1064 472 A

438 584 533 651 1293.
582 583 757 668 (Rottland
782 604 832 652 arn
858 585 976 652 Ritten
999 587 1054 652 bei
1079 585 1213 668 Bozen.)
1239 639 1246 652 .
1271 639 1279 652 .
1305 639 1312 654 .
1344 586 1473 652 nomine
1500 587 1562 653 ficti

346 692 425 758 dare
454 699 488 758 et
516 691 646 758 solvere
675 698 829 760 teneatur
859 693 943 759 duas
976 693 1081 760 libras
1108 693 1233 776 piperis
1265 700 1301 760 et
1331 694 1361 759 si
1390 714 1455 760 nno
1485 713 1565 760 anno

345 799 471 881 omisit,
502 799 587 882 quod
617 799 727 865 lictum
752 799 936 882 predictum
959 820 1023 866 non
1054 801 1214 883 solverit,
1245 801 1279 867 in
1311 803 1454 870 secundo
1485 821 1564 868 anno

346 906 519 989 induplare
548 913 716 988 tencatur,
756 916 791 974 et
826 907 855 974 si
884 908 917 974 in
952 909 1094 975 secundo
1123 928 1209 975 anno
1240 928 1304 976 uon
1338 909 1564 992 induplaverit‚

344 1022 422 1080 tuuc
452 1014 485 1080 in
514 1015 619 1080 tercio
651 1033 735 1080 annno
766 1016 866 1082 cadat
897 1016 939 1082 ab
970 1016 1057 1082 omni
1086 1035 1144 1083 suo
1174 1017 1246 1083 iure
1269 1018 1367 1084 huius
1390 1016 1562 1084 locationis

345 1128 379 1188 et
413 1127 522 1188 tamen
559 1121 740 1204 predictum
771 1122 882 1190 fictum
917 1124 1085 1190 obsessuri
1120 1129 1156 1190 et
1192 1124 1399 1208 induplatum
1439 1125 1565 1190 solvere

344 1234 500 1296 teneatur
523 1229 583 1296 sub
613 1229 817 1314 obligatione
848 1230 988 1298 omnium
1019 1251 1151 1298 suorum
1180 1233 1337 1300 bonorum
1365 1232 1564 1316 presentium

344 1343 378 1404 et
402 1335 631 1419 futororum1).

436 1445 530 1512 1303.
578 1444 691 1531 (Pecia
714 1450 805 1511 terre
829 1446 960 1514 arative
982 1446 1036 1512 bei
1059 1446 1205 1531 Cognola
1227 1447 1303 1514 ostl.
1328 1446 1471 1534 l'rient.)
1496 1499 1504 1512 .
1528 1497 1565 1512 ..

343 1551 450 1620 dendo
464 1557 500 1618 et
513 1552 670 1619 solvendo
687 1551 795 1619 dictus
811 1553 1024 1621 Tridentinus
1039 1556 1219 1621 conductor
1234 1563 1269 1622 et
1283 1555 1335 1622 sui
1347 1555 1487 1621 heredes
1508 1553 1567 1635 ipsi

344 1660 475 1726 Donato
491 1659 631 1726 locatori
654 1665 689 1726 et
705 1660 772 1726 suis
789 1661 965 1728 heredibus
981 1662 1066 1729 omni
1084 1681 1170 1728 anno
1187 1662 1220 1728 in
1238 1663 1325 1730 festo
1341 1681 1368 1728 s.
1386 1660 1567 1729 Michaellis

342 1769 395 1834 vel
431 1767 501 1834 eius
539 1767 617 1835 viii⁸
644 1766 761 1851 viginti
796 1774 869 1835 octo
905 1770 1014 1836 soldos
1043 1769 1250 1836 denariorum
1288 1770 1411 1838 Veron.
1439 1769 1567 1851 parvul.

343 1874 413 1942 ficti
436 1875 642 1958 perpetualis
678 1881 712 1942 et
746 1876 774 1942 si
813 1876 922 1942 dictus
961 1876 1176 1944 Tridentinus
1213 1878 1393 1944 conductor
1431 1877 1488 1944 vel
1522 1875 1568 1942 sni

343 1983 481 2048 heredes
505 1982 627 2050 dictum
660 1983 770 2050 fictum
801 2002 865 2050 uon
895 1984 1057 2051 solverint
1084 1983 1118 2050 in
1142 1984 1247 2067 primo
1271 2003 1357 2051 anno
1379 1984 1568 2066 indupletnr

342 2097 377 2157 et
404 2090 433 2155 si
460 2089 493 2155 in
522 2091 663 2157 secundo
693 2110 778 2158 anno
809 2091 930 2158 dictum
960 2091 1071 2159 fictum
1109 2111 1175 2160 non
1208 2092 1380 2172 solverint,
1415 2091 1568 2158 similiter

341 2197 533 2280 redupletur
555 2201 590 2264 et
613 2197 643 2264 si
666 2199 801 2266 steterit
824 2218 885 2282 per
908 2199 1097 2284 trigonium,
1121 2201 1208 2282 quod
1232 2201 1354 2267 dictum
1377 2199 1490 2266 fictum
1506 2218 1567 2266 non

342 2305 522 2388 solverint,
555 2311 633 2372 tunc
663 2307 787 2372 cadant
821 2308 865 2374 ab
895 2309 981 2374 omui
1016 2327 1075 2374 suo
1106 2307 1178 2375 iure
1208 2309 1297 2375 dicte
1328 2307 1508 2374 locacionis
1536 2312 1569 2372 et

342 2411 591 2479 nichilhominus
613 2413 724 2480 fictum
748 2420 915 2482 retentum
939 2415 1068 2482 solvere
1093 2421 1271 2483 teneantur
1295 2433 1395 2498 snper
1419 2414 1568 2481 omnibns

344 2520 420 2587 aliis
443 2520 512 2587 suis
535 2522 630 2587 bonis
654 2522 866 2606 presentibus
890 2529 924 2589 et
949 2522 1072 2590 futuris
1099 2524 1140 2590 de
1168 2528 1268 2605 pacto
1291 2522 1430 2606 speciali
1451 2521 1569 2588 habito

341 2627 429 2694 inter
452 2626 556 2715 eos2).

429 2736 499 2801 Ans
530 2735 644 2802 diesen
673 2735 860 2819 Beispielen
900 2736 1012 2821 ergibt
1048 2737 1117 2805 sioln
1150 2736 1338 2821 folgendes:
1372 2736 1571 2804 Entriclntet

341 2843 399 2910 den·
428 2843 574 2909 Pdchter
604 2843 665 2910 den
696 2843 776 2911 Zins
810 2844 902 2911 nicht
931 2864 972 2912 zu
1003 2846 1136 2914 rochter
1165 2845 1259 2928 Zeu,
1298 2864 1334 2912 so
1364 2846 1424 2912 lnat
1457 2863 1498 2911 er
1527 2844 1569 2910 inn

341 2949 518 3033 folgenden
535 2951 651 3035 Jahre‚
676 2951 836 3019 zuweilen
860 2953 945 3019 auch
961 2952 1086 3020 bereits
1110 2955 1194 3021 nacln
1217 2953 1350 3038 einiger
1366 2951 1569 3034 Monaten³)‚

342 3058 402 3124 das
426 3057 591 3141 Doppelte
614 3059 672 3126 des
695 3059 933 3145 Zinsbetrages
962 3081 1002 3128 zu
1024 3062 1141 3145 geben.
1188 3061 1288 3127 Zahlt
1311 3080 1348 3127 er
1371 3061 1455 3127 auch
1479 3060 1571 3126 daun

339 3165 445 3251 nicht,
474 3185 510 3232 so
541 3166 622 3234 wird
647 3186 683 3234 er
706 3169 790 3235 nach
818 3169 951 3254 einigen
974 3168 1262 3253 Leihevertrtgen
1290 3169 1398 3235 seinos
1420 3168 1569 3235 Rechtes

339 3273 517 3358 verlustig,
563 3275 647 3341 uach
687 3276 832 3342 anderen
871 3277 932 3343 hat
974 3296 1012 3344 er
1055 3277 1142 3344 daun
1189 3278 1249 3344 das
1286 3274 1465 3343 Vieriache
1510 3276 1569 3341 des

339 3381 572 3448 Jahreszinses
596 3401 636 3448 zu
660 3383 861 3450 eutrichten.
908 3383 1088 3451 Geschieht
1111 3385 1195 3451 aucln
1219 3385 1378 3451 letzteres
1401 3383 1505 3467 nicht,
1530 3402 1568 3449 so

339 3488 424 3556 wind
447 3489 507 3556 das
531 3488 600 3556 Gut
623 3491 696 3556 dem
720 3490 930 3575 Verptohter
952 3491 1087 3578 ledig4).

428 3777 447 3848 ¹)
466 3776 547 3835 Aroh.
567 3775 661 3831 Neust.
681 3776 718 3832 JJ
737 3778 780 3833 41.

426 3867 447 3936 ²)
466 3867 492 3921 J.
510 3866 549 3922 St.
569 3867 600 3923 A.
622 3867 652 3923 P.
671 3867 795 3932 n.1525;
820 3866 919 3920 ebenso
938 3867 964 3923 J.
984 3866 1023 3922 St.
1042 3867 1074 3923 A.
1095 3867 1125 3923 P.
1145 3883 1171 3922 n.
1191 3867 1244 3922 730
1262 3865 1356 3936 (1307:
1380 3866 1565 3936 weingarten

335 3955 379 4012 bei
397 3955 513 4024 Bozen);
532 3956 643 4011 n.1536
663 3955 756 4026 0322:
776 3955 1000 4026 Wasserleitnng
1018 3971 1069 4010 aus
1088 3956 1136 4010 der
1154 3955 1279 4025 Fersiua)
1298 3972 1325 4011 u.
1339 3971 1359 4011 s.
1375 3972 1408 4013 w.

425 4044 446 4113 ⁸)
465 4044 559 4114 Vergl.
579 4045 690 4098 ActaH
708 4060 735 4098 n.
749 4045 809 4099 694.
847 4044 923 4099 Naoh
942 4046 1014 4099 Acta
1025 4045 1055 4099 Il
1074 4061 1100 4099 n.
1113 4045 1167 4100 809
1185 4047 1252 4099 tritt
1263 4044 1397 4101 Heimfall
1415 4045 1463 4100 dea
1475 4047 1565 4101 Gutcs

335 4132 404 4187 ohne
422 4135 554 4187 weitcren
572 4133 716 4188 Aulschub
735 4135 792 4204 ein,
816 4134 885 4188 falls
908 4134 956 4188 der
975 4135 1041 4189 Zins
1066 4134 1143 4189 nicht
1160 4135 1325 4205 rechtzeitig
1343 4135 1466 4205 gereiclnt
1484 4137 1563 4192 wird.

424 4222 445 4294 ⁴)
464 4221 529 4276 Man
542 4222 612 4276 wird
624 4223 708 4277 kaurn
720 4225 802 4292 iiten,
821 4240 901 4278 wenn
914 4239 978 4278 man
997 4225 1070 4279 diese
1083 4224 1217 4279 Klauseln
1235 4240 1298 4279 aum
1311 4225 1372 4279 Teil
1383 4224 1435 4279 aui
1445 4225 1563 4280 romisclr

334 4311 481 4367 rechtliche
494 4311 632 4367 llinfllisse
651 4313 844 4380 zurliclriilhrt,
864 4314 899 4368 da
911 4315 955 4369 bei
973 4314 1025 4368 den
1038 4314 1242 4382 Emphyteuseu
1255 4313 1412 4385 gleichialls
1430 4315 1473 4370 bei
1491 4315 1563 4369 drei-

332 4400 456 4472 jthriger
475 4402 664 4456 Zinssltumnis
683 4402 737 4472 (bei
756 4402 921 4457 kirchliohen
941 4402 1069 4472 umphyt.
1089 4405 1132 4459 bei
1151 4403 1344 4474 zweijthriger
1362 4405 1563 4472 Zinsstumnis)

334 4491 479 4546 Privation
498 4491 545 4546 des
564 4491 697 4548 Plichters
710 4496 848 4563 gestattet
866 4509 933 4548 war.
970 4493 1065 4563 Vergl.
1076 4493 1262 4563 Windscheid,
1280 4493 1562 4549 Pandelrtenrecht⁸l

333 4581 359 4634 S.
379 4581 438 4636 998.
