3417 5234
992 286 1034 345 78

905 372 1117 383 --

488 494 553 561 Die
577 492 762 564 weltlichen
779 496 1012 565 Lundeabemn
1035 498 1260 564 beschrhnken
1275 494 1329 565 die
1343 496 1524 565 lircbliche
1540 496 1620 563 Ver·

399 606 545 684 mogens·
562 601 627 668 und
643 600 980 688 Erwerbsidbiglreit3
1004 603 1054 669 sie
1077 604 1322 687 beanspruchen
1338 602 1625 670 Gerichtabarhcit

398 709 478 774 liber
509 707 691 775 Geistliche
713 707 747 775 in
771 708 954 776 weltlichen
984 707 1311 794 Angelegenheitem
1346 707 1397 775 sie
1429 707 1543 775 lassen
1574 707 1624 773 die

397 814 549 897 exceptio
565 814 906 883 excommunicationis
921 816 1012 883 nicht
1028 813 1196 900 gelten,³⁰)
1219 814 1281 882 wic
1299 815 1347 881 sie
1362 816 1446 881 auch
1461 822 1554 882 most
1569 816 1624 879 der

398 920 729 991 Exkommunikation
762 922 861 989 keine
895 922 1125 1006 burgerlicheo
1151 923 1357 1007 Wirkungen
1393 924 1622 1000 zoerkeonem

313 1052 315 1059 ·
397 1030 447 1097 sie
470 1026 791 1112 legen-kircblichen
816 1030 985 1097 Personen
1009 1030 1074 1097 und
1097 1028 1225 1098 Ghtern
1248 1030 1390 1097 Stcuero
1413 1030 1479 1096 und
1502 1030 1625 1097 andere

400 1138 525 1204 Lasion
566 1136 633 1216 aui,
673 1136 811 1203 nahmen
847 1136 1008 1204 Klerilner
1040 1136 1074 1203 iu
1108 1136 1195 1203 Hait
1229 1137 1295 1203 und
1328 1137 1624 1221 beschlugnahmen

397 1245 470 1311 ihre
493 1243 619 1324 Gute1·;
643 1242 692 1309 sie
716 1242 863 1329 weigern
887 1242 967 1324 sich,
992 1244 1159 1328 Vertrage
1182 1244 1345 1311 zwischen
1362 1244 1545 1311 Klerikern
1562 1244 1625 1311 und

398 1350 503 1419 Laien
528 1369 570 1417 zu
593 1350 808 1435 registrieren
834 1352 881 1435 (d.
906 1351 936 1417 h.
962 1349 1047 1416 wohl
1071 1350 1183 1418 soleba
1206 1350 1383 1436 Vertrhge
1407 1352 1532 1419 welche
1557 1351 1624 1417 sich

396 1458 451 1526 die
473 1457 633 1525 Kleriher
656 1459 759 1525 durch
784 1458 848 1525 Elid
872 1457 1080 1541 bekruuigen
1103 1458 1236 1537 bassan,
1271 1477 1324 1526 um
1349 1459 1402 1526 die
1425 1460 1624 1543 zmmndig·

396 1564 467 1632 keit
501 1565 558 1631 des
593 1564 786 1649 geistlichen
811 1563 968 1632 Garichts
997 1584 1038 1632 zu
1073 1565 1288 1649 hegriinden),
1323 1566 1372 1632 sie
1396 1567 1624 1635 bescbrunken

396 1672 457 1738 das
491 1670 671 1738 hirchlicbe
706 1672 887 1755 Asylrecht
920 1672 987 1739 und
1023 1671 1218 1740 verbiodern
1261 1672 1520 1757 Zuwendungen
1560 1692 1621 1741 von

399 1779 550 1862 Legeten
575 1778 640 1845 und
664 1778 905 1863 Schenhungen
929 1798 973 1846 un
996 1778 1050 1846 die
1074 1778 1236 1847 Kirchen.

487 1884 527 1951 In
563 1884 622 1951 der
656 1884 745 1953 That
779 1885 891 1953 lassen
926 1885 1117 1953 zahlreiche
1154 1886 1372 1954 urkundliche
1410 1888 1539 1972 Belege
1576 1906 1624 1954 cr·

396 1990 538 2071 konnen,
577 1992 654 2059 dass
689 1992 742 2059 die
781 1993 1399 2063 weltlicheuhandesherrn
1427 1996 1511 2062 und
1556 1995 1624 2061 die

395 2097 702 2167 Sttdtesehon
726 2100 905 2169 verder
929 2100 1243 2169 Reformation
1268 2101 1433 2185 einjaa
1457 2099 1624 2169 cavendi

395 2207 658 2291 gegenuher
689 2207 766 2274 der
795 2206 1094 2274 kircbliehen
1126 2208 1510 2292 Rechtsordnung
1532 2226 1624 2274 aus·

400 2314 713 2397 geththaben

489 2430 517 2487 1.
542 2420 607 2487 Ein
631 2421 795 2487 Placet
827 2423 1016 2506 gegentlber
1039 2422 1245 2505 popsttiehen
1269 2422 1430 2489 Erlassen
1455 2423 1568 2491 warde
1589 2421 1622 2487 in

399 2526 558 2593 manchon
594 2526 798 2597 Territcrien
831 2531 943 2612 gehht,
978 2548 1015 2597 so
1050 2550 1079 2595 z.
1105 2530 1145 2596 B.
1181 2530 1213 2596 in
1238 2530 1373 2613 Bayern
1409 2529 1474 2596 und
1503 2530 1621 2605 Klete.

397 2792 425 2847 in
457 2790 585 2847 civilibus
614 2798 643 2846 et
670 2792 786 2847 maxime
815 2792 844 2847 in
872 2792 926 2861 piis
953 2792 1045 2847 causis
1073 2793 1251 2862 aliquatenus
1281 2794 1476 2859 admittantur,
1501 2794 1623 2862 qnodque

395 2880 623 2937 excommunicati
652 2880 717 2936 laici
747 2888 777 2937 et
794 2880 902 2951 publice
929 2882 1087 2937 denuntiati
1106 2883 1134 2937 in
1153 2882 1229 2937 civili
1247 2882 1307 2937 foro
1326 2882 1437 2937 minime
1455 2883 1622 2951 repatiantur

400 2987 450 3026 nec
481 2970 509 3025 in
541 2986 633 3027 eorum
664 2972 823 3027 consulatus
855 2970 944 3027 officio
975 2988 1008 3027 ac
1036 2970 1100 3027 aliis
1130 2970 1239 3027 actibus
1266 2970 1457 3027 saecularibus
1475 2972 1623 3027 evitentur.

396 3076 454 3129 cap.
474 3066 502 3115 a:
540 3060 607 3115 item
637 3060 774 3129 praedicti
810 3060 922 3134 Domini
959 3060 1125 3129 temporales
1161 3076 1213 3129 per
1249 3060 1419 3116 saecularem
1453 3066 1622 3129 potestatem

395 3148 536 3205 Ecclesiae
563 3156 593 3204 et
615 3164 745 3218 personas
764 3148 979 3205 Ecclesiasticas
998 3150 1111 3220 capiunt
1129 3158 1159 3207 et
1177 3151 1239 3220 capi
1257 3156 1419 3220 procurant;
1442 3166 1488 3206 res
1507 3158 1538 3205 et
1555 3151 1622 3204 hona

395 3238 563 3295 clericorum
610 3244 746 3307 occupent
792 3244 822 3295 et
858 3245 1007 3303 arrestant,
1046 3239 1198 3295 oblationes
1236 3240 1361 3296 fidelium
1402 3240 1560 3295 diminuunt
1594 3244 1622 3293 et

394 3328 578 3399 restringunt,
599 3328 757 3383 exactiones
776 3334 806 3383 et
824 3327 919 3383 tallias
932 3327 1071 3383 indebitas
1085 3327 1118 3382 de
1132 3328 1212 3387 bunia
1225 3336 1255 3384 et
1267 3329 1423 3385 redditibus
1436 3330 1620 3385 Ecclesiamm
1651 3380 1661 3399 ,

395 3419 512 3488 exigunt
540 3423 570 3472 et
590 3423 765 3487 extorquent;
795 3416 931 3473 stationes
950 3415 1144 3473 immoderatas
1168 3434 1228 3471 cnm
1247 3416 1426 3473 multitudino
1445 3418 1577 3473 nobilium
1593 3415 1620 3470 in

395 3507 472 3563 bonis
491 3505 680 3563 Ecclesiamm
699 3512 728 3561 et
745 3504 850 3576 piorum
870 3506 992 3561 locorum
1010 3505 1125 3568 facium.
1146 3512 1274 3562 vecturas
1293 3522 1424 3561 eumcum
1443 3514 1474 3563 et
1485 3506 1621 3562 vectiones

394 3595 559 3665 multiplices
573 3595 652 3651 bonis
663 3595 733 3665 ipsis
746 3594 889 3664 imponunt
906 3602 1003 3650 centn
1012 3594 1238 3651 Ecclesiasticam
1249 3594 1421 3661 libertatem
1433 3594 1622 3664 possessiones

395 3683 579 3741 lloelesiarum
612 3690 640 3739 et
657 3698 837 3753 personarum
855 3682 1116 3739 Ecclesiasticnrunr
1134 3683 1285 3739 devastent
1302 3684 1437 3740 incendiis
1455 3692 1486 3739 et
1504 3682 1621 3752 rapinia;

392 3778 552 3829 contractus
586 3772 661 3828 inter
692 3772 814 3829 elericos
847 3778 879 3828 et
908 3772 1008 3828 Laicos
1036 3772 1161 3844 legitime
1190 3773 1280 3828 laotos
1308 3774 1344 3828 ad
1361 3773 1448 3829 libros
1468 3773 1620 3831 civitatum.

394 3862 524 3917 uillarum
555 3868 584 3917 ot
615 3861 735 3917 locorum
763 3867 894 3918 recusant
911 3861 1062 3919 inscribere
1081 3878 1115 3917 ae
1132 3862 1272 3933 sigillare;
1301 3862 1406 3918 donata
1423 3868 1454 3917 et
1472 3862 1571 3933 legate
1588 3859 1620 3915 ad

392 3949 516 4006 fabricas
538 3958 567 4007 et
584 3949 772 4005 Ecclesiemm
790 3956 947 4008 structuras
965 3958 1062 4008 contra
1073 3952 1244 4008 voluntatem
1257 3952 1451 4009 Praelatorum
1463 3960 1493 4008 et
1504 3954 1619 4009 aliorum

394 4054 508 4108 quornm
524 4032 527 4037 ’
546 4040 673 4106 interest,
704 4047 886 4108 praesumunt
916 4056 1053 4111 usurpem
1082 4048 1175 4096 contre
1202 4039 1356 4111 iustitium
1386 4042 1415 4097 in
1442 4041 1569 4098 fraudem
1594 4046 1622 4095 et

395 4128 485 4183 odium
516 4128 683 4184 clericorum
702 4128 896 4199 confugientes
914 4130 950 4184 ad
968 4130 1117 4196 Ecclesiae,
1145 4130 1282 4186 cimiteria
1300 4138 1331 4186 et
1349 4130 1385 4186 ad
1402 4132 1463 4187 loca
1482 4129 1619 4187 libertatis

392 4217 588 4283 Ecclesiam,
622 4216 685 4273 inde
715 4219 863 4274 extrahare
895 4226 989 4274 contm
1019 4219 1183 4288 Imperiales
1220 4220 1380 4275 sanctiones
1416 4222 1617 4289 praesumunt*

393 4308 547 4373 Goldast,
568 4308 662 4363 (ionst.
680 4306 735 4363 Ill.
753 4324 779 4376 p.
799 4313 861 4363 415.
879 4308 916 4363 cf.
934 4307 959 4362 I.
981 4312 1040 4363 388.

481 4397 517 4468 ³⁰)
537 4396 622 4451 Dicae
649 4396 842 4469 Bestimmung
870 4398 932 4468 golt
958 4414 983 4451 a.
1012 4397 1044 4454 B.
1062 4397 1092 4451 in
1123 4396 1224 4459 hlaine.
1252 4398 1329 4453 Kdln
1358 4398 1415 4453 und
1433 4398 1618 4470 llagdeburg:

395 4486 483 4554 „quod
520 4485 746 4541 excommunicati
783 4486 849 4543 laici
887 4491 917 4543 et
951 4487 1059 4556 publice
1089 4486 1243 4542 denuntiati
1276 4486 1305 4541 iu
1333 4486 1402 4542 ¹foro
1435 4488 1538 4544 civili
1567 4502 1617 4544 uon

391 4576 588 4645 repellantur!
626 4577 725 4645 Kopp
744 4575 766 4632 L
787 4576 815 4633 S.
838 4582 898 4631 1⁶3.
916 4576 973 4647 vgl.
992 4575 1283 4647 sachsenspiegel
1301 4576 1342 4632 IL
1361 4582 1405 4632 6³.
