3417 5234
743 384 807 453 183

159 616 278 666 census
308 598 394 666 idem
425 599 576 667 solvatur
606 600 640 667 in
671 600 807 683 triplum
840 607 875 668 et
899 600 1129 669 nichilominus
1153 601 1389 669 censuariusa

159 708 234 774 iure
256 725 317 774 suo
341 708 439 774 cadet
454 712 491 774 et
506 707 631 775 decime
646 708 718 792 ipsa
733 710 830 791 pleno
845 708 1035 778 vacationis
1051 708 1122 776 iure
1138 708 1181 777 ad
1204 709 1388 792 predictam

158 814 333 882 ecclesiam
356 820 579 884 revertentur.
614 816 694 883 Post
717 817 804 883 huuc
826 835 906 884 uero
930 822 1136 885 contractum
1160 816 1278 885 initum
1301 818 1387 884 idem

157 922 293 990 Ulricus
316 922 483 990 dimidiam
507 922 666 990 decimam
689 923 723 990 iu
746 924 873 1003 sehale,
901 942 983 1008 quas
1006 924 1095 991 inter
1119 924 1203 992 alias
1226 944 1248 992 a
1268 940 1387 1008 prepo-

158 1029 225 1096 sito
255 1036 430 1113 temperat
459 1030 649 1114 memorato,
680 1031 786 1098 eidem
818 1032 924 1099 libere
952 1030 1148 1115 resignavit,
1180 1050 1273 1114 quem
1300 1032 1387 1099 idem

155 1138 346 1221 prepositus
359 1157 431 1205 cum
445 1139 588 1205 fratrum
605 1157 735 1206 suorum
753 1158 916 1206 concensu
929 1138 1080 1206 Diemudi
1104 1140 1222 1207 relicte
1236 1140 1386 1207 Heinrici

157 1244 329 1328 Gygautis
360 1245 401 1311 de
431 1245 599 1312 Riweutal
634 1245 789 1313 similiter
819 1246 892 1313 iure
922 1244 1048 1314 forensi
1081 1246 1223 1313 contulit
1252 1246 1386 1330 eiusque

155 1352 335 1420 heredibus
365 1355 427 1419 sub
457 1372 565 1421 annuo
596 1372 696 1421 ceusu
726 1354 759 1420 in
790 1358 985 1437 perpetuum
1012 1353 1254 1437 possidendam.
1302 1354 1386 1421 Hui-

155 1478 196 1526 us
227 1460 277 1526 rei
307 1465 411 1527 testes
441 1464 520 1527 sunt
550 1460 671 1527 domini
701 1461 897 1528 chunradus
931 1460 1182 1529 archidiaconus
1218 1460 1258 1527 de
1288 1462 1387 1546 Uust,

156 1566 338 1635 Heinricus
354 1568 394 1634 de
410 1567 550 1650 Ruveiu,
568 1568 789 1637 Gotschalcus
805 1570 846 1636 de
859 1570 967 1654 Tsets,
985 1568 1162 1636 Heinricus
1176 1569 1216 1635 de
1229 1568 1386 1652 Rischon,

155 1674 307 1742 canonici
328 1676 557 1743 Brixiuenses.
603 1674 698 1743 Laici
722 1695 801 1745 vero
825 1676 1002 1745 Heinricus
1026 1676 1112 1744 illius
1135 1676 1263 1744 dominc
1287 1676 1385 1761 cese,

155 1782 391 1865 Erheupoldus
424 1788 460 1849 et
492 1782 668 1851 Heinricus
702 1783 761 1851 filii
794 1784 882 1865 eius,
915 1783 1046 1850 Ulricus
1077 1783 1203 1867 Weiss,
1242 1784 1386 1868 Tegeuo,

154 1890 373 1958 Perchtoldus
396 1891 437 1957 de
453 1890 539 1957 Rese
568 1896 604 1957 et
625 1891 683 1958 alii
703 1892 936 1974 quamplures.
971 1890 1037 1957 Nos
1059 1909 1187 1974 quoque
1208 1890 1389 1958 Heinricus

155 1997 347 2079 prepositus
383 1998 562 2082 augiensis
595 2005 630 2065 et
666 1999 845 2065 Heiurlcus
885 1997 1124 2081 hospitalarius
1164 2000 1205 2065 dc
1244 2000 1386 2067 Clausen

156 2105 270 2188 rogati
285 2104 399 2189 sigilla
421 2111 537 2172 nostra
559 2107 707 2189 presenti
734 2106 900 2189 scripture
925 2104 1138 2189 appendimus
1161 2111 1388 2189 protestantes

156 2231 218 2278 uos
256 2214 370 2296 omnia
407 2214 595 2296 prescripta
632 2214 682 2280 ita
726 2214 814 2281 sicut
850 2213 975 2296 scripta
1015 2217 1093 2281 sunt
1138 2214 1388 2295 presentialiter

156 2319 325 2387 audivisse
348 2320 478 2403 pariter
500 2328 535 2387 et
558 2320 691 2389 vidisse.
725 2323 845 2387 Actum
868 2320 902 2387 in
919 2322 1082 2403 paradyso
1099 2320 1231 2387 maioris
1248 2321 1387 2389 ecclesie

156 2426 368 2495 Brixineusis
400 2446 486 2495 auno
522 2428 641 2495 domini
674 2428 722 2494 m⁰
744 2427 797 2495 ce⁰
818 2426 973 2495 lxxx⁰iii⁰
1005 2426 1185 2495 indictione
1214 2429 1387 2497 undecima

156 2533 254 2601 x⁰iii⁰
276 2535 322 2603 hl.
346 2536 524 2619 septembr.

714 2749 770 2815 Nn.
796 2748 834 2815 V.

155 2825 245 2886 1323
268 2820 345 2885 Mai
368 2826 420 2887 10.

245 2945 311 3012 Ano
322 2944 489 3012 Hermann
499 2968 559 3012 oon
573 2944 785 3030 Georpeaberp
798 2945 925 3012 verlcilrl
936 2946 1004 3013 dem
1017 2946 1136 3013 Haimo
1148 2968 1206 3013 voa
1222 2946 1351 3014 Voldera
1362 2946 1386 3035 ¹)

152 3055 221 3119 aad
240 3054 348 3119 scineae
363 3053 472 3120 Erben
495 3055 545 3119 cia
560 3052 658 3119 Heus
677 3074 773 3137 peges
788 3052 969 3136 jdhrlichcn
985 3054 1066 3119 Zias
1081 3075 1141 3121 ooo
1165 3059 1208 3119 10
1223 3054 1384 3141 Schilliap.

245 3177 314 3245 Kop.
334 3177 542 3247 Georgeuherg:
561 3176 803 3232 Volderaiol.16.

244 3286 319 3351 Wir
346 3286 493 3353 Herman
516 3306 580 3353 von
609 3293 685 3370 gots
708 3285 859 3370 genaden
883 3286 958 3367 abt,
990 3284 1171 3352 Heinreich
1199 3286 1291 3367 prior
1319 3287 1385 3353 und

155 3393 242 3460 aller
266 3398 412 3461 convent
434 3394 496 3460 auf
517 3394 600 3460 saud
615 3393 827 3477 Jdrgeuberg
849 3392 885 3460 iu
909 3392 982 3459 dem
1004 3392 1095 3458 Iutal
1119 3391 1294 3461 veriechen
1321 3395 1386 3461 und

154 3498 213 3567 tim
239 3503 340 3567 chuut
364 3520 408 3567 au
432 3500 534 3568 disem
557 3498 656 3583 brief,
680 3502 739 3567 das
762 3502 824 3567 wlr
844 3499 905 3566 mit
928 3518 1122 3585 gemayuem
1146 3506 1218 3577 ratt
1234 3500 1385 3588 Haymen

153 3627 220 3675 von
240 3608 371 3675 Vollers
393 3608 461 3676 und
486 3608 571 3675 allen
593 3608 664 3675 sein
686 3609 798 3692 erbeu,
823 3608 867 3692 dy
889 3606 917 3674 is
941 3626 1006 3676 von
1027 3609 1120 3675 recht
1144 3610 1244 3676 erben
1268 3606 1385 3695 shllen,

152 3716 265 3783 lassen
295 3717 404 3783 haben
433 3716 488 3783 ain
511 3716 609 3782 hawss
632 3716 692 3781 mit
716 3712 861 3799 gemdwr
884 3715 952 3782 und
975 3715 1069 3782 mitte
1098 3716 1209 3801 holze,
1237 3716 1293 3783 diu
1323 3736 1386 3785 uus

154 3824 331 3909 augehdrt‚
356 3824 454 3891 umbe
473 3824 595 3890 zechen
619 3822 771 3907 schilling
794 3841 914 3907 perner
936 3842 985 3890 zw
1003 3824 1065 3890 den
1081 3825 1208 3908 zba'yeu
1225 3822 1383 3909 pfundeu‚

153 3931 198 4015 dy
222 3950 260 3998 er
283 3950 346 3999 uus
368 3950 429 3998 vor
451 3932 599 4015 gegeben
622 3932 683 3997 hat
705 3949 770 3998 von
793 3932 888 3997 ainer
911 3935 1045 4014 pewcnt
1068 3932 1134 3998 und
1157 3931 1276 3999 soliar
1299 3931 1386 4001 uude

152 4039 226 4106 sein
257 4040 360 4106 erbeu
391 4040 450 4105 der
477 4040 591 4106 selben
613 4036 745 4104 hoistat
768 4038 1005 4106 unverstdsseu
1035 4037 1122 4122 sein,
1156 4038 1200 4123 dy
1231 4039 1317 4124 weyl
1347 4060 1385 4107 cr

153 4144 217 4214 dns
252 4146 296 4230 dy
335 4148 458 4213 zechen
493 4145 658 4230 schylliug
696 4152 778 4229 geyt
815 4146 881 4212 und
917 4142 987 4214 wdr
1022 4146 1115 4227 aber,
1155 4147 1215 4213 das
1250 4146 1311 4214 wir
1340 4148 1384 4232 dy

151 4260 288 4337 pewcnt
310 4258 446 4339 yemaut
469 4250 526 4321 ihr
550 4254 584 4319 iu
606 4253 747 4336 besson,
778 4273 814 4320 so
847 4252 962 4320 solim
987 4254 1054 4321 und
1078 4252 1193 4321 seineu
1216 4254 1317 4323 erben
1341 4255 1384 4339 di

152 4360 286 4429 hefstat
309 4361 472 4445 beleybeu
495 4362 570 4427 umb
594 4361 657 4428 den
678 4379 777 4445 zyuss
801 4361 851 4427 als
868 4380 928 4428 vor
951 4360 1148 4445 geschribeu
1169 4366 1262 4433 stett.
1299 4359 1385 4433 Wdr

151 4508 368 4519 .——-—-

245 4594 266 4663 ι)
285 4593 358 4649 nors
376 4592 439 4650 aar.
459 4592 524 4647 sau
541 4593 580 4647 im
597 4592 701 4647 mnan
