3417 5234
748 360 792 425 45

249 573 346 640 1237.
379 572 532 660 (objektz
558 574 723 656 Barrplotz
744 595 783 642 zu
801 573 937 657 Bozen.)
974 573 1066 640 Noch
1089 574 1148 639 der
1163 571 1386 655 Festsetzung

155 681 216 748 der
238 681 467 766 Zinsleistung
490 681 573 748 wird
598 683 779 748 bestirnurt:
811 683 839 750 si
873 683 906 748 in
932 681 1036 763 primo
1066 699 1153 747 anno
1180 680 1290 747 fictum
1319 698 1385 746 non

156 787 301 869 dederit,
331 788 364 854 in
389 789 531 856 secundo
556 807 642 856 anno
665 788 839 871 induplare
863 792 1035 872 teneatur,
1067 794 1103 856 et
1125 786 1154 854 si
1185 787 1385 855 insecundo

155 914 243 962 anno
267 915 331 963 non
359 897 563 980 indupletur,
594 896 627 961 io
657 897 760 962 tercio
789 915 876 963 anno
907 897 1007 963 cadat
1036 895 1079 963 ab
1111 895 1198 962 omni
1229 914 1288 963 suo
1311 896 1385 962 iure

155 1003 253 1070 huius
276 1002 453 1071 locucionis
471 1009 630 1070 ettamen
654 1004 767 1071 solvet
790 1004 900 1071 fictum
923 1003 1130 1086 indupiatum
1146 1021 1250 1086 supra
1272 1002 1384 1070 omnia

154 1129 216 1177 sua
239 1109 367 1196 bona1).

248 1219 342 1283 1281.
391 1216 506 1299 (Pecia
529 1224 618 1285 terre
642 1217 695 1284 bei
719 1217 853 1298 Bozen.)
885 1267 892 1282 .
919 1269 926 1282 .
951 1217 1086 1284 ‚fictum
1110 1216 1280 1285 annuatim
1304 1217 1385 1284 dare

156 1325 189 1391 ei
213 1325 352 1392 locatori
383 1324 418 1390 in
447 1324 499 1392 die
530 1345 555 1392 s,
580 1325 730 1392 Micholis
762 1344 857 1392 unum
889 1325 1006 1391 libram
1036 1324 1161 1407 piperis
1196 1331 1231 1392 et
1262 1324 1292 1393 si
1322 1343 1386 1393 uuo

158 1452 246 1499 anno
270 1431 450 1514 obmiserit‚
474 1433 508 1499 in
533 1434 675 1500 secundo
699 1450 784 1499 nuno
808 1432 982 1514 induplare
1005 1433 1154 1515 promisit
1176 1437 1212 1500 et
1233 1431 1262 1499 si
1284 1431 1317 1498 in
1334 1451 1387 1498 se-

157 1539 265 1608 cundo
289 1559 375 1606 auno
399 1559 464 1607 non
487 1539 684 1623 induplabit‚
710 1541 743 1606 in
766 1541 872 1606 tercio
897 1558 984 1607 auno
1007 1541 1106 1607 cadat
1131 1560 1151 1607 a
1173 1559 1231 1607 sno
1255 1539 1328 1607 iure
1351 1545 1387 1607 et

153 1652 266 1716 tomen
288 1647 400 1714 fictum
424 1650 591 1715 obsessum
615 1646 743 1733 dare2).

248 1757 343 1824 1284.
397 1755 481 1840 (Hof
512 1755 567 1822 bei
602 1754 741 1840 Graun.)
790 1760 924 1822 ...et
962 1754 990 1821 si
1028 1754 1137 1822 dictus
1174 1755 1387 1839 Regenoluus

157 1863 336 1930 conductor
360 1868 395 1930 et
410 1863 459 1929 sni
477 1863 614 1930 heredes
627 1881 692 1930 non
713 1863 882 1930 solverent
905 1862 1027 1930 dictum
1050 1862 1159 1928 fictum
1176 1869 1211 1928 et
1226 1865 1387 1934 amissura

156 1970 191 2036 in
206 1969 312 2053 primo
337 1989 441 2052 anno,
471 1970 662 2054 indupletur·
686 1977 720 2037 et
748 1971 778 2036 si
806 1971 840 2036 in
865 1970 1009 2037 secundo
1033 1989 1118 2037 anno
1140 1989 1204 2037 non
1228 1970 1388 2038 solverint

159 2077 283 2144 dictum
307 2078 434 2162 fictum,
465 2078 584 2145 iterum
608 2078 797 2160 indupletur
827 2084 863 2145 et
892 2080 921 2144 si
949 2076 1133 2146 cessaverit
1155 2077 1190 2143 in
1220 2077 1387 2145 solucione
1431 2111 1437 2132 =

157 2183 227 2250 ficti
252 2203 311 2268 per
334 2191 403 2254 tres
427 2204 542 2268 annos,
567 2186 667 2252 cadat
690 2187 731 2251 ab
748 2185 834 2251 omni
850 2204 909 2252 suo
932 2185 1003 2253 iure
1018 2185 1113 2252 solva
1129 2190 1240 2252 tamen
1255 2183 1386 2252 racione

156 2290 226 2357 ficti
250 2291 419 2380 retentu).

251 2399 346 2466 1285.
394 2399 508 2486 (Pecia
536 2407 626 2468 terre
653 2401 721 2466 und
751 2400 823 2468 eine
846 2403 900 2468 Au
927 2399 981 2468 bei
1004 2400 1143 2487 Bozen.)
1174 2453 1181 2468 .
1208 2454 1214 2469 .
1243 2453 1250 2468 .
1275 2400 1386 2469 fictum

158 2509 329 2574 annuatim
360 2506 478 2576 deinde
510 2508 591 2576 dare
615 2507 660 2577 vii
683 2508 789 2575 libras
813 2509 845 2574 in
871 2508 923 2574 die
946 2527 973 2575 s.
991 2508 1079 2576 Galli
1102 2513 1139 2576 et
1160 2507 1191 2576 si
1214 2527 1278 2576 uno
1302 2528 1387 2576 anno

158 2632 223 2678 non
248 2615 351 2698 dabit,
375 2615 577 2684 insecundo
602 2635 686 2683 arrno
710 2616 883 2699 induplare
907 2614 1068 2698 promisit,
1092 2622 1128 2682 et
1149 2615 1177 2682 si
1193 2615 1227 2682 in
1243 2617 1387 2684 secundo

158 2737 244 2786 anno
275 2741 340 2788 non
373 2723 484 2806 dabit,
520 2723 553 2790 iu
585 2724 689 2791 torcio
722 2743 809 2792 anno
840 2724 941 2791 cadat
973 2725 1015 2790 ab
1046 2723 1133 2790 omni
1164 2741 1236 2790 ano*
1252 2724 1323 2791 iure
1354 2730 1389 2790 et

156 2832 268 2895 umen
292 2829 401 2898 solvat
424 2829 536 2898 fictum
561 2831 733 2914 duplatum
745 2831 781 2916 ⁴).

252 2937 347 3005 1288.
396 2937 521 3022 (Monte
537 2940 603 3006 und
623 2939 815 3006 Ackerland
830 2939 884 3005 bei
906 2937 955 3006 St.
972 2937 1084 3004 Jakob
1101 2940 1234 3005 onterh.
1252 2939 1387 3027 Bozen.)

161 3095 168 3108 .
195 3095 202 3110 .
229 3095 236 3110 .
261 3044 369 3112 dando
394 3051 429 3112 et
452 3047 610 3114 solvendo
633 3046 705 3130 ipse
729 3044 917 3114 Wiliclinus
941 3046 995 3113 vel
1019 3045 1089 3112 eius
1112 3047 1250 3114 heredes
1277 3047 1386 3114 fictum

158 3152 352 3234 perpetuale
377 3153 464 3220 omni
488 3172 572 3221 anno
595 3153 734 3220 infesto
758 3173 783 3220 s.
811 3153 900 3220 Galli
929 3157 1003 3220 octo
1032 3153 1102 3219 dies
1127 3159 1206 3220 ante
1232 3153 1287 3222 vel
1314 3157 1388 3221 octo

158 3264 236 3340 post
267 3260 350 3328 xviii
380 3260 486 3328 libras
520 3262 638 3328 Veron.
671 3261 801 3344 parvul.
834 3315 841 3328 .
874 3312 882 3327 .
916 3313 924 3326 .
956 3266 991 3328 et
1021 3260 1049 3328 si
1078 3260 1190 3328 fictum
1221 3260 1256 3326 in
1284 3260 1388 3343 primo

159 3385 244 3433 anno
268 3386 332 3434 non
357 3368 504 3453 solverit,
530 3367 722 3450 indupletur
737 3374 772 3435 et
794 3368 823 3435 si
844 3369 877 3434 in
894 3369 1133 3435 secundoanno
1149 3386 1213 3434 non
1237 3367 1386 3449 solverit,

162 3474 357 3558 redupletur
381 3481 416 3543 ot
439 3476 467 3543 si
484 3495 544 3559 per
566 3483 637 3543 tres
662 3495 766 3544 annos
789 3475 933 3559 steterit,
957 3477 1041 3558 qood
1060 3475 1183 3542 dictum
1198 3474 1308 3542 fictum
1324 3494 1389 3541 non

162 3582 309 3666 solverit,
335 3584 435 3651 cadat
451 3584 493 3650 ab
517 3584 604 3650 omni
626 3603 686 3651 suo
710 3584 792 3666 iure,
818 3584 903 3666 quod
926 3583 1030 3650 habet
1052 3583 1088 3649 in
1111 3582 1201 3649 dictu
1224 3581 1388 3649 locatione

159 3697 194 3756 et
230 3691 333 3759 eciam
368 3697 485 3773 postca
524 3692 681 3759 atendere
710 3691 821 3758 fictum
849 3690 972 3758 domini
1006 3690 1068 3757 sub
1108 3708 1213 3773 poena
1247 3688 1388 3756 omnium

160 3815 292 3864 suorum
316 3798 521 3886 bonorum⁵).

215 4065 217 4070 .
253 4030 272 4100 ¹)
291 4029 402 4085 ActaII
421 4030 515 4084 nouo.
536 4029 644 4085 Ebeuso
663 4030 734 4083 Acta
748 4029 775 4082 11
794 4045 821 4086 n.
832 4029 893 4096 606,
912 4030 974 4098 607,
991 4030 1053 4098 694,
1067 4029 1129 4098 784,
1140 4028 1203 4097 809,
1214 4027 1267 4082 938
1285 4027 1388 4098 (simul.

162 4119 252 4188 1237),
273 4118 382 4173 thnlioh
400 4135 427 4176 n.
440 4119 493 4174 663
511 4135 539 4172 u.
552 4118 604 4172 664
624 4117 730 4188 (1237);
750 4119 852 4172 cadant
871 4119 905 4174 ab
918 4121 992 4173 omni
1011 4135 1061 4174 sno
1073 4120 1133 4173 iure
1145 4117 1227 4173 huius
1239 4117 1387 4172 locacionia

159 4214 188 4263 et
206 4214 300 4263 tamen
318 4207 430 4262 solvant
447 4207 543 4262 fictum
555 4206 736 4276 induplatum.
1210 4245 1213 4252 .

251 4295 272 4367 ²)
290 4296 317 4352 J.
336 4297 376 4350 St.
395 4295 428 4350 A.
447 4296 479 4354 P.
498 4313 524 4352 n.
543 4297 604 4352 635.

250 4385 272 4455 ⁸)
291 4385 317 4440 J.
337 4385 377 4441 St.
397 4387 429 4441 A.
448 4386 479 4444 P.
499 4403 525 4442 u.
539 4387 615 4442 1506.

250 4475 272 4545 ⁴)
291 4475 318 4532 J.
336 4475 377 4533 St.
396 4477 428 4530 A.
448 4475 548 4530 Schatz
567 4477 598 4530 Α.
612 4474 642 4530 Π
660 4491 686 4530 n.
699 4476 759 4533 299.

250 4564 272 4634 ⁶)
292 4564 318 4622 J.
338 4564 377 4620 St.
396 4566 429 4620 Δ.
449 4564 480 4621 P.
500 4579 526 4620 n.
542 4565 619 4621 1252.
