<?xml version="1.0" encoding="UTF-8"?>
<!DOCTYPE html PUBLIC "-//W3C//DTD XHTML 1.0 Transitional//EN"
    "http://www.w3.org/TR/xhtml1/DTD/xhtml1-transitional.dtd">
<html xmlns="http://www.w3.org/1999/xhtml" xml:lang="en" lang="en">
 <head>
  <title>
</title>
<meta http-equiv="Content-Type" content="text/html;charset=utf-8" />
  <meta name='ocr-system' content='tesseract 3.04.00' />
  <meta name='ocr-capabilities' content='ocr_page ocr_carea ocr_par ocr_line ocrx_word'/>
</head>
<body>
  <div class='ocr_page' id='page_1' title='image "./archivfrkatholi20jurigoog/archivfrkatholi20jurigoog_0568.png"; bbox 0 0 3417 5234; ppageno 0'>
   <div class='ocr_carea' id='block_1_1' title="bbox 851 386 1063 491">
    <p class='ocr_par' dir='ltr' id='par_1_1' title="bbox 851 386 1063 491">
     <span class='ocr_line' id='line_1_1' title="bbox 851 386 1063 491; baseline -0.005 -37"><span class='ocrx_word' id='word_1_1' title='bbox 851 386 1063 491; x_wconf 62' lang='lat'>—1—78-</span> 
     </span>
    </p>
   </div>
   <div class='ocr_carea' id='block_1_2' title="bbox 341 598 1571 2895">
    <p class='ocr_par' dir='ltr' id='par_1_2' title="bbox 341 598 1571 2895">
     <span class='ocr_line' id='line_1_2' title="bbox 343 598 1571 686; baseline 0.002 -19"><span class='ocrx_word' id='word_1_2' title='bbox 343 598 402 667; x_wconf 87' lang='lat' dir='ltr'><strong>viii</strong></span> <span class='ocrx_word' id='word_1_3' title='bbox 425 599 548 669; x_wconf 84' lang='lat' dir='ltr'><strong>solidos</strong></span> <span class='ocrx_word' id='word_1_4' title='bbox 572 606 648 669; x_wconf 88' lang='lat' dir='ltr'><strong>octo</strong></span> <span class='ocrx_word' id='word_1_5' title='bbox 671 601 787 670; x_wconf 76' lang='lat' dir='ltr'><strong>diebm</strong></span> <span class='ocrx_word' id='word_1_6' title='bbox 816 608 918 671; x_wconf 89' lang='lat' dir='ltr'><strong>antea</strong></span> <span class='ocrx_word' id='word_1_7' title='bbox 942 604 994 671; x_wconf 88' lang='lat' dir='ltr'><strong>vel</strong></span> <span class='ocrx_word' id='word_1_8' title='bbox 1019 608 1092 671; x_wconf 86' lang='lat' dir='ltr'><strong>octo</strong></span> <span class='ocrx_word' id='word_1_9' title='bbox 1120 604 1237 686; x_wconf 86' lang='lat' dir='ltr'><strong>postea</strong></span> <span class='ocrx_word' id='word_1_10' title='bbox 1266 609 1325 669; x_wconf 87' lang='lat' dir='ltr'><strong>aut</strong></span> <span class='ocrx_word' id='word_1_11' title='bbox 1352 602 1385 670; x_wconf 92' lang='lat' dir='ltr'><strong>in</strong></span> <span class='ocrx_word' id='word_1_12' title='bbox 1415 601 1491 686; x_wconf 91' lang='lat' dir='ltr'><strong>ipsa</strong></span> <span class='ocrx_word' id='word_1_13' title='bbox 1519 604 1571 671; x_wconf 88' lang='lat' dir='ltr'><strong>die</strong></span> 
     </span>
     <span class='ocr_line' id='line_1_3' title="bbox 342 708 1571 795; baseline 0.002 -19"><span class='ocrx_word' id='word_1_14' title='bbox 342 709 414 776; x_wconf 87' lang='lat' dir='ltr'><strong>sine</strong></span> <span class='ocrx_word' id='word_1_15' title='bbox 438 708 620 793; x_wconf 74' lang='lat' dir='ltr'>occasione,</span> <span class='ocrx_word' id='word_1_16' title='bbox 649 711 728 777; x_wconf 84' lang='lat' dir='ltr'><strong>dato</strong></span> <span class='ocrx_word' id='word_1_17' title='bbox 757 718 792 779; x_wconf 88' lang='lat' dir='ltr'><strong>et</strong></span> <span class='ocrx_word' id='word_1_18' title='bbox 815 711 1009 795; x_wconf 78' lang='lat' dir='ltr'><strong>consignato</strong></span> <span class='ocrx_word' id='word_1_19' title='bbox 1033 712 1181 794; x_wconf 87' lang='lat' dir='ltr'><strong>predicto</strong></span> <span class='ocrx_word' id='word_1_20' title='bbox 1212 710 1288 777; x_wconf 86' lang='lat' dir='ltr'><strong>licto</strong></span> <span class='ocrx_word' id='word_1_21' title='bbox 1316 730 1376 795; x_wconf 90' lang='lat' dir='ltr'><strong>per</strong></span> <span class='ocrx_word' id='word_1_22' title='bbox 1403 730 1440 778; x_wconf 89' lang='lat' dir='ltr'><strong>se</strong></span> <span class='ocrx_word' id='word_1_23' title='bbox 1464 710 1571 795; x_wconf 89' lang='lat' dir='ltr'><strong>ipsum</strong></span> 
     </span>
     <span class='ocr_line' id='line_1_4' title="bbox 343 816 1571 907; baseline 0.001 -23"><span class='ocrx_word' id='word_1_24' title='bbox 343 817 501 885; x_wconf 89' lang='lat' dir='ltr'><strong>Ottonem</strong></span> <span class='ocrx_word' id='word_1_25' title='bbox 524 822 559 884; x_wconf 90' lang='lat' dir='ltr'><strong>et</strong></span> <span class='ocrx_word' id='word_1_26' title='bbox 583 817 733 885; x_wconf 90' lang='lat' dir='ltr'><strong>Sibiliam</strong></span> <span class='ocrx_word' id='word_1_27' title='bbox 757 836 901 903; x_wconf 85' lang='lat' dir='ltr'><strong>suosque</strong></span> <span class='ocrx_word' id='word_1_28' title='bbox 918 820 1056 887; x_wconf 88' lang='lat' dir='ltr'><strong>heredes</strong></span> <span class='ocrx_word' id='word_1_29' title='bbox 1072 819 1125 885; x_wconf 85' lang='lat' dir='ltr'><strong>vel</strong></span> <span class='ocrx_word' id='word_1_30' title='bbox 1141 836 1306 901; x_wconf 86' lang='lat' dir='ltr'><strong>persuum</strong></span> <span class='ocrx_word' id='word_1_31' title='bbox 1326 816 1485 907; x_wconf 89' lang='lat' dir='ltr'><strong>[missum]</strong></span> <span class='ocrx_word' id='word_1_32' title='bbox 1507 819 1571 885; x_wconf 88' lang='lat' dir='ltr'><strong>iam</strong></span> 
     </span>
     <span class='ocr_line' id='line_1_5' title="bbox 341 924 1570 1011; baseline 0.002 -20"><span class='ocrx_word' id='word_1_33' title='bbox 341 924 431 992; x_wconf 88' lang='lat' dir='ltr'><strong>dicto</strong></span> <span class='ocrx_word' id='word_1_34' title='bbox 455 924 583 993; x_wconf 91' lang='lat' dir='ltr'><strong>domino</strong></span> <span class='ocrx_word' id='word_1_35' title='bbox 606 925 727 993; x_wconf 86' lang='lat' dir='ltr'><strong>Enrico</strong></span> <span class='ocrx_word' id='word_1_36' title='bbox 751 934 786 993; x_wconf 88' lang='lat' dir='ltr'><strong>et</strong></span> <span class='ocrx_word' id='word_1_37' title='bbox 809 926 938 994; x_wconf 93' lang='lat' dir='ltr'><strong>domino</strong></span> <span class='ocrx_word' id='word_1_38' title='bbox 955 926 1144 1011; x_wconf 79' lang='lat' dir='ltr'><strong>Wasgrimo</strong></span> <span class='ocrx_word' id='word_1_39' title='bbox 1169 924 1297 993; x_wconf 84' lang='lat' dir='ltr'><strong>iratres</strong></span> <span class='ocrx_word' id='word_1_40' title='bbox 1318 926 1451 1010; x_wconf 88' lang='lat' dir='ltr'><strong>eiusque</strong></span> <span class='ocrx_word' id='word_1_41' title='bbox 1475 927 1570 993; x_wconf 89' lang='lat' dir='ltr'><strong>here-</strong></span> 
     </span>
     <span class='ocr_line' id='line_1_6' title="bbox 342 1032 1571 1120; baseline 0.001 -22"><span class='ocrx_word' id='word_1_42' title='bbox 342 1032 438 1100; x_wconf 81' lang='lat' dir='ltr'>dibus</span> <span class='ocrx_word' id='word_1_43' title='bbox 460 1032 514 1103; x_wconf 81' lang='lat' dir='ltr'><strong>nel</strong></span> <span class='ocrx_word' id='word_1_44' title='bbox 538 1052 597 1101; x_wconf 90' lang='lat' dir='ltr'><strong>suo</strong></span> <span class='ocrx_word' id='word_1_45' title='bbox 620 1032 729 1120; x_wconf 86' lang='lat' dir='ltr'><strong>misso,</strong></span> <span class='ocrx_word' id='word_1_46' title='bbox 754 1034 822 1102; x_wconf 88' lang='lat' dir='ltr'><strong>alia</strong></span> <span class='ocrx_word' id='word_1_47' title='bbox 844 1054 945 1118; x_wconf 86' lang='lat' dir='ltr'><strong>snper</strong></span> <span class='ocrx_word' id='word_1_48' title='bbox 967 1034 1122 1117; x_wconf 87' lang='lat' dir='ltr'><strong>imposita</strong></span> <span class='ocrx_word' id='word_1_49' title='bbox 1145 1034 1186 1101; x_wconf 91' lang='lat' dir='ltr'><strong>de</strong></span> <span class='ocrx_word' id='word_1_50' title='bbox 1203 1034 1276 1117; x_wconf 91' lang='lat' dir='ltr'><strong>ipsa</strong></span> <span class='ocrx_word' id='word_1_51' title='bbox 1291 1038 1385 1101; x_wconf 83' lang='lat' dir='ltr'><strong>terra</strong></span> <span class='ocrx_word' id='word_1_52' title='bbox 1406 1034 1477 1101; x_wconf 89' lang='lat' dir='ltr'><strong>eius</strong></span> <span class='ocrx_word' id='word_1_53' title='bbox 1500 1033 1571 1101; x_wconf 88' lang='lat' dir='ltr'><strong>fieri</strong></span> 
     </span>
     <span class='ocr_line' id='line_1_7' title="bbox 341 1141 1571 1225; baseline 0 -18"><span class='ocrx_word' id='word_1_54' title='bbox 341 1159 408 1207; x_wconf 86' lang='lat' dir='ltr'><strong>noa</strong></span> <span class='ocrx_word' id='word_1_55' title='bbox 430 1141 539 1209; x_wconf 85' lang='lat' dir='ltr'><strong>debet.</strong></span> <span class='ocrx_word' id='word_1_56' title='bbox 586 1141 712 1209; x_wconf 90' lang='lat' dir='ltr'><strong>Penam</strong></span> <span class='ocrx_word' id='word_1_57' title='bbox 734 1160 815 1210; x_wconf 86' lang='lat' dir='ltr'><strong>varo</strong></span> <span class='ocrx_word' id='word_1_58' title='bbox 844 1142 933 1210; x_wconf 86' lang='lat' dir='ltr'><strong>inter</strong></span> <span class='ocrx_word' id='word_1_59' title='bbox 956 1160 993 1211; x_wconf 87' lang='lat' dir='ltr'><strong>se</strong></span> <span class='ocrx_word' id='word_1_60' title='bbox 1020 1147 1213 1225; x_wconf 89' lang='lat' dir='ltr'><strong>posuerunt,</strong></span> <span class='ocrx_word' id='word_1_61' title='bbox 1244 1147 1279 1210; x_wconf 87' lang='lat' dir='ltr'><strong>nt</strong></span> <span class='ocrx_word' id='word_1_62' title='bbox 1304 1142 1377 1225; x_wconf 86' lang='lat' dir='ltr'><strong>quis</strong></span> <span class='ocrx_word' id='word_1_63' title='bbox 1400 1160 1513 1210; x_wconf 89' lang='lat' dir='ltr'><strong>eoram</strong></span> <span class='ocrx_word' id='word_1_64' title='bbox 1538 1149 1571 1209; x_wconf 89' lang='lat' dir='ltr'><strong>et</strong></span> 
     </span>
     <span class='ocr_line' id='line_1_8' title="bbox 342 1248 1570 1333; baseline 0 -18"><span class='ocrx_word' id='word_1_65' title='bbox 342 1267 474 1316; x_wconf 88' lang='lat' dir='ltr'><strong>suornm</strong></span> <span class='ocrx_word' id='word_1_66' title='bbox 506 1249 663 1317; x_wconf 87' lang='lat' dir='ltr'><strong>haredum</strong></span> <span class='ocrx_word' id='word_1_67' title='bbox 691 1248 802 1317; x_wconf 88' lang='lat' dir='ltr'><strong>omnia</strong></span> <span class='ocrx_word' id='word_1_68' title='bbox 828 1256 866 1317; x_wconf 88' lang='grc' dir='ltr'><strong>ιιι</strong></span> <span class='ocrx_word' id='word_1_69' title='bbox 896 1250 1096 1318; x_wconf 87' lang='lat' dir='ltr'><strong>dictumest</strong></span> <span class='ocrx_word' id='word_1_70' title='bbox 1127 1268 1192 1317; x_wconf 88' lang='lat' dir='ltr'><strong>non</strong></span> <span class='ocrx_word' id='word_1_71' title='bbox 1216 1248 1463 1333; x_wconf 76' lang='lat' dir='ltr'><strong>adimpleverit,</strong></span> <span class='ocrx_word' id='word_1_72' title='bbox 1489 1250 1570 1317; x_wconf 90' lang='lat' dir='ltr'><strong>obli-</strong></span> 
     </span>
     <span class='ocr_line' id='line_1_9' title="bbox 343 1357 1570 1445; baseline 0.001 -21"><span class='ocrx_word' id='word_1_73' title='bbox 343 1362 508 1441; x_wconf 79' lang='lat' dir='ltr'><strong>gaverunt</strong></span> <span class='ocrx_word' id='word_1_74' title='bbox 531 1376 726 1440; x_wconf 89' lang='lat' dir='ltr'><strong>componere</strong></span> <span class='ocrx_word' id='word_1_75' title='bbox 753 1360 873 1445; x_wconf 75' lang='lat' dir='ltr'><strong>pars⁸l</strong></span> <span class='ocrx_word' id='word_1_76' title='bbox 902 1358 992 1442; x_wconf 89' lang='lat' dir='ltr'><strong>parti</strong></span> <span class='ocrx_word' id='word_1_77' title='bbox 1022 1358 1116 1425; x_wconf 85' lang='lat' dir='ltr'><strong>iidem</strong></span> <span class='ocrx_word' id='word_1_78' title='bbox 1146 1357 1299 1425; x_wconf 84' lang='lat' dir='ltr'><strong>servanti</strong></span> <span class='ocrx_word' id='word_1_79' title='bbox 1329 1357 1460 1425; x_wconf 88' lang='lat' dir='ltr'><strong>nomine</strong></span> <span class='ocrx_word' id='word_1_80' title='bbox 1489 1376 1570 1440; x_wconf 90' lang='lat' dir='ltr'><strong>pene</strong></span> 
     </span>
     <span class='ocr_line' id='line_1_10' title="bbox 342 1464 1569 1549; baseline 0 -18"><span class='ocrx_word' id='word_1_81' title='bbox 342 1464 452 1531; x_wconf 87' lang='lat' dir='ltr'><strong>fictum</strong></span> <span class='ocrx_word' id='word_1_82' title='bbox 480 1464 514 1531; x_wconf 94' lang='lat' dir='ltr'><strong>in</strong></span> <span class='ocrx_word' id='word_1_83' title='bbox 537 1465 670 1549; x_wconf 89' lang='lat' dir='ltr'><strong>duplum</strong></span> <span class='ocrx_word' id='word_1_84' title='bbox 698 1472 733 1534; x_wconf 89' lang='lat' dir='ltr'><strong>et</strong></span> <span class='ocrx_word' id='word_1_85' title='bbox 759 1472 836 1549; x_wconf 86' lang='lat' dir='ltr'><strong>post</strong></span> <span class='ocrx_word' id='word_1_86' title='bbox 859 1484 978 1548; x_wconf 87' lang='lat' dir='ltr'><strong>penam</strong></span> <span class='ocrx_word' id='word_1_87' title='bbox 1002 1466 1143 1534; x_wconf 87' lang='lat' dir='ltr'><strong>solutam</strong></span> <span class='ocrx_word' id='word_1_88' title='bbox 1168 1471 1303 1533; x_wconf 84' lang='lat' dir='ltr'><strong>maneat</strong></span> <span class='ocrx_word' id='word_1_89' title='bbox 1325 1466 1387 1532; x_wconf 91' lang='lat' dir='ltr'><strong>hoc</strong></span> <span class='ocrx_word' id='word_1_90' title='bbox 1411 1467 1514 1533; x_wconf 86' lang='lat' dir='ltr'><strong>breve</strong></span> <span class='ocrx_word' id='word_1_91' title='bbox 1537 1466 1569 1531; x_wconf 92' lang='lat' dir='ltr'><strong>in</strong></span> 
     </span>
     <span class='ocr_line' id='line_1_11' title="bbox 341 1572 1570 1657; baseline 0 -18"><span class='ocrx_word' id='word_1_92' title='bbox 341 1591 403 1639; x_wconf 87' lang='lat' dir='ltr'><strong>ana</strong></span> <span class='ocrx_word' id='word_1_93' title='bbox 425 1572 582 1641; x_wconf 84' lang='lat' dir='ltr'><strong>firmitate</strong></span> <span class='ocrx_word' id='word_1_94' title='bbox 605 1581 643 1640; x_wconf 88' lang='grc' dir='ltr'><strong>ιιι</strong></span> <span class='ocrx_word' id='word_1_95' title='bbox 666 1592 768 1657; x_wconf 88' lang='lat' dir='ltr'><strong>snpra</strong></span> <span class='ocrx_word' id='word_1_96' title='bbox 791 1580 826 1641; x_wconf 89' lang='lat' dir='ltr'><strong>et</strong></span> <span class='ocrx_word' id='word_1_97' title='bbox 841 1573 992 1657; x_wconf 84' lang='lat' dir='ltr'><strong>promisit</strong></span> <span class='ocrx_word' id='word_1_98' title='bbox 1008 1592 1043 1641; x_wconf 90' lang='lat' dir='ltr'><strong>se</strong></span> <span class='ocrx_word' id='word_1_99' title='bbox 1060 1573 1123 1641; x_wconf 92' lang='lat' dir='ltr'><strong>iam</strong></span> <span class='ocrx_word' id='word_1_100' title='bbox 1140 1573 1247 1641; x_wconf 88' lang='lat' dir='ltr'><strong>dictus</strong></span> <span class='ocrx_word' id='word_1_101' title='bbox 1264 1572 1413 1639; x_wconf 91' lang='lat' dir='ltr'><strong>dominns</strong></span> <span class='ocrx_word' id='word_1_102' title='bbox 1429 1573 1570 1640; x_wconf 86' lang='lat' dir='ltr'><strong>Enricns</strong></span> 
     </span>
     <span class='ocr_line' id='line_1_12' title="bbox 343 1680 1570 1765; baseline 0 -18"><span class='ocrx_word' id='word_1_103' title='bbox 343 1685 378 1747; x_wconf 89' lang='lat' dir='ltr'><strong>et</strong></span> <span class='ocrx_word' id='word_1_104' title='bbox 394 1680 584 1765; x_wconf 76' lang='lat' dir='ltr'><strong>Wasgrimo</strong></span> <span class='ocrx_word' id='word_1_105' title='bbox 608 1680 673 1749; x_wconf 89' lang='lat' dir='ltr'><strong>iam</strong></span> <span class='ocrx_word' id='word_1_106' title='bbox 697 1681 819 1749; x_wconf 85' lang='lat' dir='ltr'><strong>dictam</strong></span> <span class='ocrx_word' id='word_1_107' title='bbox 844 1688 966 1749; x_wconf 86' lang='lat' dir='ltr'><strong>terram</strong></span> <span class='ocrx_word' id='word_1_108' title='bbox 992 1682 1034 1747; x_wconf 88' lang='lat' dir='ltr'><strong>ab</strong></span> <span class='ocrx_word' id='word_1_109' title='bbox 1059 1682 1145 1748; x_wconf 91' lang='lat' dir='ltr'><strong>omni</strong></span> <span class='ocrx_word' id='word_1_110' title='bbox 1162 1680 1291 1747; x_wconf 89' lang='lat' dir='ltr'><strong>homine</strong></span> <span class='ocrx_word' id='word_1_111' title='bbox 1308 1680 1489 1747; x_wconf 85' lang='lat' dir='ltr'><strong>defensare</strong></span> <span class='ocrx_word' id='word_1_112' title='bbox 1512 1683 1570 1748; x_wconf 88' lang='lat' dir='ltr'><strong>snb</strong></span> 
     </span>
     <span class='ocr_line' id='line_1_13' title="bbox 341 1786 1570 1875; baseline 0 -20"><span class='ocrx_word' id='word_1_113' title='bbox 341 1806 428 1871; x_wconf 84' lang='lat' dir='ltr'><strong>pana</strong></span> <span class='ocrx_word' id='word_1_114' title='bbox 458 1788 549 1873; x_wconf 90' lang='lat' dir='ltr'><strong>dupli</strong></span> <span class='ocrx_word' id='word_1_115' title='bbox 576 1795 612 1855; x_wconf 86' lang='lat' dir='ltr'><strong>et</strong></span> <span class='ocrx_word' id='word_1_116' title='bbox 639 1790 680 1856; x_wconf 88' lang='lat' dir='ltr'><strong>ob</strong></span> <span class='ocrx_word' id='word_1_117' title='bbox 707 1791 794 1856; x_wconf 87' lang='lat' dir='ltr'><strong>hanc</strong></span> <span class='ocrx_word' id='word_1_118' title='bbox 822 1788 1054 1858; x_wconf 82' lang='lat' dir='ltr'><strong>investituram</strong></span> <span class='ocrx_word' id='word_1_119' title='bbox 1066 1786 1096 1875; x_wconf 74' lang='lat' dir='ltr'><strong>l)</strong></span> <span class='ocrx_word' id='word_1_120' title='bbox 1123 1786 1293 1872; x_wconf 74' lang='lat' dir='ltr'><strong>professus</strong></span> <span class='ocrx_word' id='word_1_121' title='bbox 1321 1788 1348 1875; x_wconf 72' lang='grc' dir='ltr'><strong>ο)</strong></span> <span class='ocrx_word' id='word_1_122' title='bbox 1361 1793 1413 1855; x_wconf 88' lang='lat' dir='ltr'><strong>est</strong></span> <span class='ocrx_word' id='word_1_123' title='bbox 1442 1808 1479 1857; x_wconf 87' lang='lat' dir='ltr'><strong>se</strong></span> <span class='ocrx_word' id='word_1_124' title='bbox 1507 1788 1570 1855; x_wconf 90' lang='lat' dir='ltr'><strong>iam</strong></span> 
     </span>
     <span class='ocr_line' id='line_1_14' title="bbox 342 1896 1570 1981; baseline -0.002 -18"><span class='ocrx_word' id='word_1_125' title='bbox 342 1896 452 1963; x_wconf 88' lang='lat' dir='ltr'><strong>dictus</strong></span> <span class='ocrx_word' id='word_1_126' title='bbox 482 1896 631 1963; x_wconf 87' lang='lat' dir='ltr'><strong>dominus</strong></span> <span class='ocrx_word' id='word_1_127' title='bbox 660 1896 805 1965; x_wconf 83' lang='lat' dir='ltr'><strong>Enricns</strong></span> <span class='ocrx_word' id='word_1_128' title='bbox 838 1904 874 1963; x_wconf 88' lang='lat' dir='ltr'><strong>et</strong></span> <span class='ocrx_word' id='word_1_129' title='bbox 903 1896 1093 1981; x_wconf 79' lang='lat' dir='ltr'><strong>Wasgrimo</strong></span> <span class='ocrx_word' id='word_1_130' title='bbox 1126 1896 1293 1979; x_wconf 89' lang='lat' dir='ltr'><strong>accepisse</strong></span> <span class='ocrx_word' id='word_1_131' title='bbox 1326 1916 1347 1963; x_wconf 86' lang='lat' dir='ltr'><strong>a</strong></span> <span class='ocrx_word' id='word_1_132' title='bbox 1385 1896 1450 1962; x_wconf 91' lang='lat' dir='ltr'><strong>iarn</strong></span> <span class='ocrx_word' id='word_1_133' title='bbox 1483 1896 1570 1962; x_wconf 88' lang='lat' dir='ltr'><strong>dieto</strong></span> 
     </span>
     <span class='ocr_line' id='line_1_15' title="bbox 344 2003 1569 2089; baseline -0.002 -18"><span class='ocrx_word' id='word_1_134' title='bbox 344 2004 473 2071; x_wconf 88' lang='lat' dir='ltr'><strong>domino</strong></span> <span class='ocrx_word' id='word_1_135' title='bbox 497 2004 577 2071; x_wconf 89' lang='lat' dir='ltr'><strong>Otto</strong></span> <span class='ocrx_word' id='word_1_136' title='bbox 602 2012 637 2071; x_wconf 88' lang='lat' dir='ltr'><strong>et</strong></span> <span class='ocrx_word' id='word_1_137' title='bbox 652 2005 769 2073; x_wconf 87' lang='lat' dir='ltr'><strong>Sibilia</strong></span> <span class='ocrx_word' id='word_1_138' title='bbox 785 2003 918 2089; x_wconf 76' lang='lat' dir='ltr'><strong>argenti</strong></span> <span class='ocrx_word' id='word_1_139' title='bbox 936 2004 1144 2072; x_wconf 89' lang='lat' dir='ltr'><strong>denariorum</strong></span> <span class='ocrx_word' id='word_1_140' title='bbox 1160 2006 1317 2071; x_wconf 89' lang='lat' dir='ltr'><strong>bonorum</strong></span> <span class='ocrx_word' id='word_1_141' title='bbox 1335 2004 1569 2071; x_wconf 89' lang='lat' dir='ltr'><strong>Veronensium</strong></span> 
     </span>
     <span class='ocr_line' id='line_1_16' title="bbox 341 2110 1568 2201; baseline -0.002 -22"><span class='ocrx_word' id='word_1_142' title='bbox 341 2113 445 2179; x_wconf 88' lang='lat' dir='ltr'><strong>libras</strong></span> <span class='ocrx_word' id='word_1_143' title='bbox 461 2112 498 2179; x_wconf 93' lang='lat' dir='ltr'><strong>iii</strong></span> <span class='ocrx_word' id='word_1_144' title='bbox 575 2165 583 2179; x_wconf 90' lang='lat'><strong>.</strong></span> <span class='ocrx_word' id='word_1_145' title='bbox 601 2116 730 2181; x_wconf 87' lang='lat' dir='ltr'><strong>Actum.</strong></span> <span class='ocrx_word' id='word_1_146' title='bbox 756 2112 860 2196; x_wconf 82' lang='lat' dir='ltr'><strong>Signa</strong></span> <span class='ocrx_word' id='word_1_147' title='bbox 871 2110 897 2201; x_wconf 91' lang='lat'><em>†</em></span> <span class='ocrx_word' id='word_1_148' title='bbox 908 2110 937 2201; x_wconf 72' lang='lat'><strong>⁶)</strong></span> <span class='ocrx_word' id='word_1_149' title='bbox 953 2131 1106 2179; x_wconf 86' lang='lat' dir='ltr'><strong>manuum</strong></span> <span class='ocrx_word' id='word_1_150' title='bbox 1123 2112 1421 2195; x_wconf 78' lang='lat' dir='ltr'><strong>suprascriptorum</strong></span> <span class='ocrx_word' id='word_1_151' title='bbox 1439 2112 1568 2178; x_wconf 91' lang='lat' dir='ltr'><strong>domino</strong></span> 
     </span>
     <span class='ocr_line' id='line_1_17' title="bbox 342 2218 1567 2306; baseline 0.001 -21"><span class='ocrx_word' id='word_1_152' title='bbox 342 2219 463 2286; x_wconf 84' lang='lat' dir='ltr'><strong>Enrico</strong></span> <span class='ocrx_word' id='word_1_153' title='bbox 493 2223 528 2285; x_wconf 88' lang='lat' dir='ltr'><strong>et</strong></span> <span class='ocrx_word' id='word_1_154' title='bbox 550 2218 754 2306; x_wconf 80' lang='lat' dir='ltr'><strong>Wasgrimo,</strong></span> <span class='ocrx_word' id='word_1_155' title='bbox 784 2220 840 2303; x_wconf 88' lang='lat' dir='ltr'><strong>qui</strong></span> <span class='ocrx_word' id='word_1_156' title='bbox 864 2222 926 2287; x_wconf 90' lang='lat' dir='ltr'><strong>hoc</strong></span> <span class='ocrx_word' id='word_1_157' title='bbox 950 2221 1050 2287; x_wconf 86' lang='lat' dir='ltr'><strong>breve</strong></span> <span class='ocrx_word' id='word_1_158' title='bbox 1074 2218 1147 2287; x_wconf 86' lang='lat' dir='ltr'><strong>lieri</strong></span> <span class='ocrx_word' id='word_1_159' title='bbox 1169 2226 1372 2304; x_wconf 85' lang='lat' dir='ltr'><strong>rogaverunt</strong></span> <span class='ocrx_word' id='word_1_160' title='bbox 1396 2224 1433 2285; x_wconf 90' lang='grc' dir='ltr'><strong>ιιι</strong></span> <span class='ocrx_word' id='word_1_161' title='bbox 1457 2237 1567 2301; x_wconf 89' lang='lat' dir='ltr'><strong>supra.</strong></span> 
     </span>
     <span class='ocr_line' id='line_1_18' title="bbox 342 2326 1569 2411; baseline -0.001 -17"><span class='ocrx_word' id='word_1_162' title='bbox 342 2327 477 2411; x_wconf 73' lang='lat' dir='ltr'><strong>Signum</strong></span> <span class='ocrx_word' id='word_1_163' title='bbox 507 2328 665 2395; x_wconf 88' lang='lat' dir='ltr'><strong>manibus.</strong></span> <span class='ocrx_word' id='word_1_164' title='bbox 718 2329 813 2395; x_wconf 90' lang='lat' dir='ltr'><strong>Anno</strong></span> <span class='ocrx_word' id='word_1_165' title='bbox 844 2328 887 2394; x_wconf 88' lang='lat' dir='ltr'><strong>ab</strong></span> <span class='ocrx_word' id='word_1_166' title='bbox 917 2327 1149 2394; x_wconf 79' lang='lat' dir='ltr'><strong>incarnacione</strong></span> <span class='ocrx_word' id='word_1_167' title='bbox 1183 2326 1304 2394; x_wconf 92' lang='lat' dir='ltr'><strong>domini</strong></span> <span class='ocrx_word' id='word_1_168' title='bbox 1332 2326 1437 2393; x_wconf 87' lang='lat' dir='ltr'><strong>nostri</strong></span> <span class='ocrx_word' id='word_1_169' title='bbox 1466 2326 1569 2393; x_wconf 87' lang='lat' dir='ltr'><strong>Jehsu</strong></span> 
     </span>
     <span class='ocr_line' id='line_1_19' title="bbox 343 2434 1568 2503; baseline -0.001 -2"><span class='ocrx_word' id='word_1_170' title='bbox 343 2434 469 2502; x_wconf 77' lang='lat' dir='ltr'><strong>Christi</strong></span> <span class='ocrx_word' id='word_1_171' title='bbox 507 2435 678 2502; x_wconf 89' lang='lat' dir='ltr'><strong>millesimo</strong></span> <span class='ocrx_word' id='word_1_172' title='bbox 722 2434 858 2503; x_wconf 65' lang='lat' dir='ltr'><strong>clxiiiii⁰</strong></span> <span class='ocrx_word' id='word_1_173' title='bbox 898 2434 1062 2503; x_wconf 78' lang='lat' dir='ltr'><strong>indicione</strong></span> <span class='ocrx_word' id='word_1_174' title='bbox 1099 2434 1155 2501; x_wconf 86' lang='lat' dir='ltr'><strong>xii.</strong></span> <span class='ocrx_word' id='word_1_175' title='bbox 1205 2435 1363 2501; x_wconf 86' lang='lat' dir='ltr'><strong>Dominus</strong></span> <span class='ocrx_word' id='word_1_176' title='bbox 1402 2434 1568 2501; x_wconf 86' lang='lat' dir='ltr'><strong>Berardus</strong></span> 
     </span>
     <span class='ocr_line' id='line_1_20' title="bbox 342 2541 1568 2628; baseline 0.001 -21"><span class='ocrx_word' id='word_1_177' title='bbox 342 2542 493 2627; x_wconf 83' lang='lat' dir='ltr'><strong>clericus,</strong></span> <span class='ocrx_word' id='word_1_178' title='bbox 525 2542 720 2610; x_wconf 87' lang='lat' dir='ltr'><strong>Ambrosius</strong></span> <span class='ocrx_word' id='word_1_179' title='bbox 746 2543 955 2628; x_wconf 75' lang='lat' dir='ltr'><strong>camerlego,</strong></span> <span class='ocrx_word' id='word_1_180' title='bbox 989 2542 1145 2610; x_wconf 91' lang='lat' dir='ltr'><strong>Bertoldo</strong></span> <span class='ocrx_word' id='word_1_181' title='bbox 1178 2542 1289 2609; x_wconf 85' lang='lat' dir='ltr'><strong>irater</strong></span> <span class='ocrx_word' id='word_1_182' title='bbox 1317 2541 1501 2609; x_wconf 88' lang='lat' dir='ltr'><strong>Rambaldo</strong></span> <span class='ocrx_word' id='word_1_183' title='bbox 1531 2543 1568 2609; x_wconf 93' lang='lat' dir='ltr'><strong>de</strong></span> 
     </span>
     <span class='ocr_line' id='line_1_21' title="bbox 342 2648 1566 2734; baseline 0.001 -19"><span class='ocrx_word' id='word_1_184' title='bbox 342 2656 487 2717; x_wconf 85' lang='lat' dir='ltr'><strong>mercato</strong></span> <span class='ocrx_word' id='word_1_185' title='bbox 504 2652 623 2734; x_wconf 86' lang='lat' dir='ltr'><strong>Archo,</strong></span> <span class='ocrx_word' id='word_1_186' title='bbox 648 2651 727 2718; x_wconf 83' lang='lat' dir='ltr'><strong>Otto</strong></span> <span class='ocrx_word' id='word_1_187' title='bbox 751 2651 792 2717; x_wconf 89' lang='lat' dir='ltr'><strong>de</strong></span> <span class='ocrx_word' id='word_1_188' title='bbox 813 2651 968 2731; x_wconf 86' lang='lat' dir='ltr'><strong>Aicarda,</strong></span> <span class='ocrx_word' id='word_1_189' title='bbox 993 2650 1181 2733; x_wconf 83' lang='lat' dir='ltr'><strong>Witaclino‚</strong></span> <span class='ocrx_word' id='word_1_190' title='bbox 1206 2649 1331 2733; x_wconf 88' lang='lat' dir='ltr'><strong>Witho,</strong></span> <span class='ocrx_word' id='word_1_191' title='bbox 1354 2648 1566 2732; x_wconf 84' lang='lat' dir='ltr'><strong>Copastoma,</strong></span> 
     </span>
     <span class='ocr_line' id='line_1_22' title="bbox 343 2745 1515 2895; baseline -0.001 -72"><span class='ocrx_word' id='word_1_192' title='bbox 343 2757 486 2828; x_wconf 79' lang='lat' dir='ltr'><strong>Eunicus</strong></span> <span class='ocrx_word' id='word_1_193' title='bbox 508 2758 596 2826; x_wconf 86' lang='lat' dir='ltr'><strong>filins</strong></span> <span class='ocrx_word' id='word_1_194' title='bbox 618 2759 758 2825; x_wconf 83' lang='lat' dir='ltr'><strong>Alberto</strong></span> <span class='ocrx_word' id='word_1_195' title='bbox 781 2758 917 2841; x_wconf 90' lang='lat' dir='ltr'><strong>medico,</strong></span> <span class='ocrx_word' id='word_1_196' title='bbox 941 2745 1176 2825; x_wconf 80' lang='lat' dir='ltr'><strong>Bracnacolta.</strong></span> <span class='ocrx_word' id='word_1_197' title='bbox 1264 2809 1387 2895; x_wconf 59' lang='lat' dir='ltr'><strong>Rogati</strong></span> <span class='ocrx_word' id='word_1_198' title='bbox 1411 2816 1515 2877; x_wconf 56' lang='lat' dir='ltr'><strong>testes</strong></span> 
     </span>
    </p>
   </div>
   <div class='ocr_carea' id='block_1_3' title="bbox 342 2936 1564 3129">
    <p class='ocr_par' dir='ltr' id='par_1_3' title="bbox 342 2936 1564 3129">
     <span class='ocr_line' id='line_1_23' title="bbox 432 2936 1564 3021; baseline -0.003 -17"><span class='ocrx_word' id='word_1_199' title='bbox 432 2937 505 3021; x_wconf 82' lang='lat' dir='ltr'><strong>Ego</strong></span> <span class='ocrx_word' id='word_1_200' title='bbox 526 2937 668 3006; x_wconf 84' lang='lat' dir='ltr'><strong>Enricus</strong></span> <span class='ocrx_word' id='word_1_201' title='bbox 685 2936 835 3004; x_wconf 86' lang='lat' dir='ltr'><strong>notarius</strong></span> <span class='ocrx_word' id='word_1_202' title='bbox 852 2936 940 3004; x_wconf 87' lang='lat' dir='ltr'><strong>sacri</strong></span> <span class='ocrx_word' id='word_1_203' title='bbox 964 2936 1084 3020; x_wconf 81' lang='lat' dir='ltr'><strong>palacii</strong></span> <span class='ocrx_word' id='word_1_204' title='bbox 1101 2942 1238 3021; x_wconf 79' lang='lat' dir='ltr'><strong>rogatus</strong></span> <span class='ocrx_word' id='word_1_205' title='bbox 1257 2936 1319 3003; x_wconf 84' lang='lat' dir='ltr'><strong>lroc</strong></span> <span class='ocrx_word' id='word_1_206' title='bbox 1334 2937 1437 3004; x_wconf 88' lang='lat' dir='ltr'><strong>breve</strong></span> <span class='ocrx_word' id='word_1_207' title='bbox 1453 2936 1564 3018; x_wconf 88' lang='lat' dir='ltr'><strong>scripsi</strong></span> 
     </span>
     <span class='ocr_line' id='line_1_24' title="bbox 342 3046 562 3129; baseline 0 -16"><span class='ocrx_word' id='word_1_208' title='bbox 342 3050 379 3113; x_wconf 90' lang='lat' dir='ltr'><strong>et</strong></span> <span class='ocrx_word' id='word_1_209' title='bbox 401 3046 562 3129; x_wconf 80' lang='lat' dir='ltr'><strong>conpleri.</strong></span> 
     </span>
    </p>
   </div>
   <div class='ocr_carea' id='block_1_4' title="bbox 342 3186 1021 3400">
    <p class='ocr_par' dir='ltr' id='par_1_4' title="bbox 342 3186 1021 3400">
     <span class='ocr_line' id='line_1_25' title="bbox 896 3186 1021 3255; baseline 0.008 -1"><span class='ocrx_word' id='word_1_210' title='bbox 896 3186 952 3254; x_wconf 91' lang='lat' dir='ltr'><strong>Nr.</strong></span> <span class='ocrx_word' id='word_1_211' title='bbox 977 3186 1021 3255; x_wconf 94' lang='grc' dir='ltr'><strong>ΙΙ.</strong></span> 
     </span>
     <span class='ocr_line' id='line_1_26' title="bbox 342 3312 913 3400; baseline 0 -19"><span class='ocrx_word' id='word_1_212' title='bbox 342 3320 431 3383; x_wconf 85' lang='grc'><strong><em>1198</em></strong></span> <span class='ocrx_word' id='word_1_213' title='bbox 454 3313 601 3382; x_wconf 78' lang='lat' dir='ltr'><strong>Febroar</strong></span> <span class='ocrx_word' id='word_1_214' title='bbox 624 3320 677 3382; x_wconf 86' lang='lat'><strong>19.</strong></span> <span class='ocrx_word' id='word_1_215' title='bbox 724 3314 864 3381; x_wconf 79' lang='lat' dir='ltr'><strong>Albiano</strong></span> <span class='ocrx_word' id='word_1_216' title='bbox 878 3312 913 3400; x_wconf 82' lang='grc'><strong>1).</strong></span> 
     </span>
    </p>
   </div>
   <div class='ocr_carea' id='block_1_5' title="bbox 342 3436 1565 3631">
    <p class='ocr_par' dir='ltr' id='par_1_5' title="bbox 342 3436 1565 3631">
     <span class='ocr_line' id='line_1_27' title="bbox 431 3436 1565 3525; baseline -0.004 -18"><span class='ocrx_word' id='word_1_217' title='bbox 431 3442 616 3525; x_wconf 78' lang='lat' dir='ltr'><strong>Ripraadio</strong></span> <span class='ocrx_word' id='word_1_218' title='bbox 637 3441 766 3507; x_wconf 81' lang='lat' dir='ltr'><strong>verleidt</strong></span> <span class='ocrx_word' id='word_1_219' title='bbox 787 3442 858 3507; x_wconf 84' lang='lat' dir='ltr'><strong>dem</strong></span> <span class='ocrx_word' id='word_1_220' title='bbox 880 3440 1006 3507; x_wconf 83' lang='lat' dir='ltr'><strong>Martia</strong></span> <span class='ocrx_word' id='word_1_221' title='bbox 1028 3460 1088 3505; x_wconf 83' lang='lat' dir='ltr'><strong>oon</strong></span> <span class='ocrx_word' id='word_1_222' title='bbox 1109 3436 1262 3525; x_wconf 63' lang='lat' dir='ltr'><strong>colomp</strong></span> <span class='ocrx_word' id='word_1_223' title='bbox 1282 3460 1377 3524; x_wconf 77' lang='lat' dir='ltr'><strong>pepen</strong></span> <span class='ocrx_word' id='word_1_224' title='bbox 1397 3446 1565 3524; x_wconf 71' lang='lat' dir='ltr'><strong>percontator</strong></span> 
     </span>
     <span class='ocr_line' id='line_1_28' title="bbox 342 3546 1289 3631; baseline -0.005 -14"><span class='ocrx_word' id='word_1_225' title='bbox 342 3550 555 3617; x_wconf 66' lang='lat' dir='ltr'><strong>Naturalzins</strong></span> <span class='ocrx_word' id='word_1_226' title='bbox 576 3552 665 3616; x_wconf 82' lang='lat' dir='ltr'><strong>einen</strong></span> <span class='ocrx_word' id='word_1_227' title='bbox 688 3549 829 3616; x_wconf 75' lang='lat' dir='ltr'><strong>Maccus</strong></span> <span class='ocrx_word' id='word_1_228' title='bbox 851 3549 886 3614; x_wconf 82' lang='lat' dir='ltr'><strong>a&#39;n</strong></span> <span class='ocrx_word' id='word_1_229' title='bbox 910 3548 1032 3615; x_wconf 78' lang='lat' dir='ltr'><strong>Solone</strong></span> <span class='ocrx_word' id='word_1_230' title='bbox 1053 3570 1095 3613; x_wconf 73' lang='lat' dir='ltr'><strong>eu</strong></span> <span class='ocrx_word' id='word_1_231' title='bbox 1118 3546 1289 3631; x_wconf 74' lang='lat' dir='ltr'><strong>Eropaclot.</strong></span> 
     </span>
    </p>
   </div>
   <div class='ocr_carea' id='block_1_6' title="bbox 432 3672 957 3744">
    <p class='ocr_par' dir='ltr' id='par_1_6' title="bbox 432 3672 957 3744">
     <span class='ocr_line' id='line_1_29' title="bbox 432 3672 957 3744; baseline -0.004 -15"><span class='ocrx_word' id='word_1_232' title='bbox 432 3674 508 3744; x_wconf 75' lang='lat' dir='ltr'><strong>orig.</strong></span> <span class='ocrx_word' id='word_1_233' title='bbox 527 3674 608 3743; x_wconf 82' lang='lat' dir='ltr'><strong>Perg.</strong></span> <span class='ocrx_word' id='word_1_234' title='bbox 628 3674 654 3731; x_wconf 89' lang='lat' dir='ltr'><strong>J.</strong></span> <span class='ocrx_word' id='word_1_235' title='bbox 674 3674 714 3729; x_wconf 85' lang='lat' dir='ltr'><strong>St.</strong></span> <span class='ocrx_word' id='word_1_236' title='bbox 734 3676 767 3731; x_wconf 83' lang='grc' dir='ltr'><strong>Δ,</strong></span> <span class='ocrx_word' id='word_1_237' title='bbox 787 3674 817 3729; x_wconf 90' lang='grc' dir='ltr'><strong>Ρ.</strong></span> <span class='ocrx_word' id='word_1_238' title='bbox 838 3672 957 3729; x_wconf 86' lang='lat' dir='ltr'><strong>n.1001.</strong></span> 
     </span>
    </p>
   </div>
   <div class='ocr_carea' id='block_1_7' title="bbox 345 3778 1560 3975">
    <p class='ocr_par' dir='ltr' id='par_1_7' title="bbox 345 3778 1560 3975">
     <span class='ocr_line' id='line_1_30' title="bbox 432 3778 1559 3865; baseline -0.006 -16"><span class='ocrx_word' id='word_1_239' title='bbox 432 3786 529 3849; x_wconf 86' lang='lat' dir='ltr'><strong>Anno</strong></span> <span class='ocrx_word' id='word_1_240' title='bbox 557 3782 679 3849; x_wconf 89' lang='lat' dir='ltr'><strong>domini</strong></span> <span class='ocrx_word' id='word_1_241' title='bbox 706 3782 880 3849; x_wconf 89' lang='lat' dir='ltr'><strong>millesimo</strong></span> <span class='ocrx_word' id='word_1_242' title='bbox 904 3800 932 3847; x_wconf 90' lang='lat' dir='ltr'><strong>c.</strong></span> <span class='ocrx_word' id='word_1_243' title='bbox 957 3780 1168 3865; x_wconf 78' lang='lat' dir='ltr'><strong>nonagesimo</strong></span> <span class='ocrx_word' id='word_1_244' title='bbox 1192 3780 1251 3847; x_wconf 89' lang='lat' dir='ltr'><strong>viii</strong></span> <span class='ocrx_word' id='word_1_245' title='bbox 1274 3780 1440 3847; x_wconf 87' lang='lat' dir='ltr'><strong>indicione</strong></span> <span class='ocrx_word' id='word_1_246' title='bbox 1463 3778 1559 3861; x_wconf 90' lang='lat' dir='ltr'><strong>prima</strong></span> 
     </span>
     <span class='ocr_line' id='line_1_31' title="bbox 345 3887 1560 3975; baseline -0.007 -18"><span class='ocrx_word' id='word_1_247' title='bbox 345 3890 399 3957; x_wconf 90' lang='lat' dir='ltr'><strong>die</strong></span> <span class='ocrx_word' id='word_1_248' title='bbox 423 3890 507 3957; x_wconf 89' lang='lat' dir='ltr'><strong>iovis</strong></span> <span class='ocrx_word' id='word_1_249' title='bbox 531 3910 555 3957; x_wconf 86' lang='lat' dir='ltr'>x</span> <span class='ocrx_word' id='word_1_250' title='bbox 583 3895 725 3957; x_wconf 86' lang='lat' dir='ltr'><strong>exeunte</strong></span> <span class='ocrx_word' id='word_1_251' title='bbox 755 3888 952 3975; x_wconf 71' lang='lat' dir='ltr'><strong>lebnuario)</strong></span> <span class='ocrx_word' id='word_1_252' title='bbox 988 3888 1021 3955; x_wconf 93' lang='lat' dir='ltr'><strong>in</strong></span> <span class='ocrx_word' id='word_1_253' title='bbox 1050 3888 1192 3956; x_wconf 85' lang='lat' dir='ltr'><strong>Albiano</strong></span> <span class='ocrx_word' id='word_1_254' title='bbox 1224 3888 1257 3954; x_wconf 91' lang='lat' dir='ltr'><strong>in</strong></span> <span class='ocrx_word' id='word_1_255' title='bbox 1287 3887 1400 3971; x_wconf 88' lang='lat' dir='ltr'><strong>platea</strong></span> <span class='ocrx_word' id='word_1_256' title='bbox 1429 3905 1489 3970; x_wconf 89' lang='lat' dir='ltr'><strong>que</strong></span> <span class='ocrx_word' id='word_1_257' title='bbox 1515 3888 1560 3951; x_wconf 89' lang='lat' dir='ltr'><strong>est</strong></span> 
     </span>
    </p>
   </div>
   <div class='ocr_carea' id='block_1_8' title="bbox 342 4062 1554 4677">
    <p class='ocr_par' dir='ltr' id='par_1_8' title="bbox 422 4062 635 4140">
     <span class='ocr_line' id='line_1_32' title="bbox 422 4062 635 4140; baseline 0.005 -17"><span class='ocrx_word' id='word_1_258' title='bbox 422 4069 449 4140; x_wconf 76' lang='lat'><strong>⁸)</strong></span> <span class='ocrx_word' id='word_1_259' title='bbox 469 4062 558 4139; x_wconf 81' lang='lat' dir='ltr'><strong>Orig.:</strong></span> <span class='ocrx_word' id='word_1_260' title='bbox 577 4084 635 4137; x_wconf 84' lang='lat' dir='ltr'><strong>par.</strong></span> 
     </span>
    </p>

    <p class='ocr_par' dir='ltr' id='par_1_9' title="bbox 424 4157 764 4229">
     <span class='ocr_line' id='line_1_33' title="bbox 424 4157 764 4229; baseline 0 -16"><span class='ocrx_word' id='word_1_261' title='bbox 424 4158 449 4228; x_wconf 71' lang='lat' dir='ltr'><strong>b)</strong></span> <span class='ocrx_word' id='word_1_262' title='bbox 470 4158 561 4229; x_wconf 83' lang='lat' dir='ltr'><strong>Orig.:</strong></span> <span class='ocrx_word' id='word_1_263' title='bbox 580 4157 764 4213; x_wconf 81' lang='lat' dir='ltr'><strong>inestituram.</strong></span> 
     </span>
    </p>

    <p class='ocr_par' dir='ltr' id='par_1_10' title="bbox 342 4238 1554 4407">
     <span class='ocr_line' id='line_1_34' title="bbox 427 4238 1554 4318; baseline -0.011 -15"><span class='ocrx_word' id='word_1_264' title='bbox 427 4249 451 4317; x_wconf 84' lang='lat' dir='ltr'><strong>c)</strong></span> <span class='ocrx_word' id='word_1_265' title='bbox 469 4248 513 4303; x_wconf 89' lang='lat' dir='ltr'><strong>Im</strong></span> <span class='ocrx_word' id='word_1_266' title='bbox 531 4250 622 4318; x_wconf 80' lang='lat' dir='ltr'><strong>(lrig.:</strong></span> <span class='ocrx_word' id='word_1_267' title='bbox 644 4248 736 4318; x_wconf 66' lang='lat' dir='ltr'><strong>„euml</strong></span> <span class='ocrx_word' id='word_1_268' title='bbox 757 4263 807 4301; x_wconf 86' lang='lat' dir='ltr'><strong>vor</strong></span> <span class='ocrx_word' id='word_1_269' title='bbox 827 4247 910 4316; x_wconf 80' lang='lat' dir='ltr'><strong>„est‚“</strong></span> <span class='ocrx_word' id='word_1_270' title='bbox 932 4246 1048 4301; x_wconf 87' lang='lat' dir='ltr'><strong>welches</strong></span> <span class='ocrx_word' id='word_1_271' title='bbox 1068 4250 1171 4300; x_wconf 89' lang='lat' dir='ltr'><strong>erstere</strong></span> <span class='ocrx_word' id='word_1_272' title='bbox 1189 4243 1261 4300; x_wconf 86' lang='lat' dir='ltr'><strong>wohl</strong></span> <span class='ocrx_word' id='word_1_273' title='bbox 1281 4260 1331 4299; x_wconf 87' lang='lat' dir='ltr'><strong>ans</strong></span> <span class='ocrx_word' id='word_1_274' title='bbox 1344 4243 1478 4299; x_wconf 84' lang='lat' dir='ltr'><strong>Veraelran</strong></span> <span class='ocrx_word' id='word_1_275' title='bbox 1491 4238 1554 4295; x_wconf 83' lang='lat' dir='ltr'><strong>nicht</strong></span> 
     </span>
     <span class='ocr_line' id='line_1_35' title="bbox 342 4337 566 4407; baseline 0.009 -16"><span class='ocrx_word' id='word_1_276' title='bbox 342 4338 446 4407; x_wconf 85' lang='lat' dir='ltr'><strong>getilgt</strong></span> <span class='ocrx_word' id='word_1_277' title='bbox 465 4337 566 4393; x_wconf 83' lang='lat' dir='ltr'><strong>warde.</strong></span> 
     </span>
    </p>

    <p class='ocr_par' dir='ltr' id='par_1_11' title="bbox 427 4423 1383 4498">
     <span class='ocr_line' id='line_1_36' title="bbox 427 4423 1383 4498; baseline -0.003 -16"><span class='ocrx_word' id='word_1_278' title='bbox 427 4425 454 4498; x_wconf 79' lang='lat'><strong>(¹)</strong></span> <span class='ocrx_word' id='word_1_279' title='bbox 473 4429 490 4482; x_wconf 87' lang='grc'>5</span> <span class='ocrx_word' id='word_1_280' title='bbox 510 4427 671 4482; x_wconf 81' lang='lat' dir='ltr'><strong>senkreclrte</strong></span> <span class='ocrx_word' id='word_1_281' title='bbox 689 4426 746 4481; x_wconf 89' lang='lat' dir='ltr'><strong>und</strong></span> <span class='ocrx_word' id='word_1_282' title='bbox 764 4427 781 4481; x_wconf 87' lang='lat'><strong>3</strong></span> <span class='ocrx_word' id='word_1_283' title='bbox 801 4426 919 4482; x_wconf 85' lang='lat' dir='ltr'><strong>dardber</strong></span> <span class='ocrx_word' id='word_1_284' title='bbox 937 4441 1075 4495; x_wconf 83' lang='lat' dir='ltr'><strong>gezogene</strong></span> <span class='ocrx_word' id='word_1_285' title='bbox 1094 4424 1250 4495; x_wconf 78' lang='lat' dir='ltr'><strong>wogtechte</strong></span> <span class='ocrx_word' id='word_1_286' title='bbox 1268 4423 1383 4479; x_wconf 88' lang='lat' dir='ltr'><strong>Striche.</strong></span> 
     </span>
    </p>

    <p class='ocr_par' dir='ltr' id='par_1_12' title="bbox 435 4514 1291 4588">
     <span class='ocr_line' id='line_1_37' title="bbox 435 4514 1291 4588; baseline -0.002 -17"><span class='ocrx_word' id='word_1_287' title='bbox 435 4518 454 4588; x_wconf 87' lang='lat'><strong>¹)</strong></span> <span class='ocrx_word' id='word_1_288' title='bbox 474 4516 624 4571; x_wconf 84' lang='lat' dir='ltr'><strong>Pfarrdorl</strong></span> <span class='ocrx_word' id='word_1_289' title='bbox 641 4519 669 4571; x_wconf 92' lang='lat' dir='ltr'><strong>in</strong></span> <span class='ocrx_word' id='word_1_290' title='bbox 690 4517 737 4571; x_wconf 88' lang='lat' dir='ltr'><strong>der</strong></span> <span class='ocrx_word' id='word_1_291' title='bbox 756 4516 832 4571; x_wconf 83' lang='lat' dir='ltr'><strong>Niihe</strong></span> <span class='ocrx_word' id='word_1_292' title='bbox 851 4533 904 4571; x_wconf 86' lang='lat' dir='ltr'><strong>von</strong></span> <span class='ocrx_word' id='word_1_293' title='bbox 924 4516 1021 4570; x_wconf 89' lang='lat' dir='ltr'><strong>Trient</strong></span> <span class='ocrx_word' id='word_1_294' title='bbox 1040 4516 1140 4587; x_wconf 83' lang='lat' dir='ltr'><strong>(gagen</strong></span> <span class='ocrx_word' id='word_1_295' title='bbox 1159 4514 1291 4585; x_wconf 82' lang='lat' dir='ltr'><strong>Cambra).</strong></span> 
     </span>
    </p>

    <p class='ocr_par' dir='ltr' id='par_1_13' title="bbox 432 4605 1240 4677">
     <span class='ocr_line' id='line_1_38' title="bbox 432 4605 1240 4677; baseline -0.006 -14"><span class='ocrx_word' id='word_1_296' title='bbox 432 4608 452 4677; x_wconf 82' lang='lat'><strong>¹)</strong></span> <span class='ocrx_word' id='word_1_297' title='bbox 473 4606 620 4663; x_wconf 88' lang='lat' dir='ltr'><strong>Vielleicht</strong></span> <span class='ocrx_word' id='word_1_298' title='bbox 639 4607 688 4661; x_wconf 86' lang='lat' dir='ltr'><strong>das</strong></span> <span class='ocrx_word' id='word_1_299' title='bbox 706 4608 819 4677; x_wconf 82' lang='lat' dir='ltr'><strong>heutige</strong></span> <span class='ocrx_word' id='word_1_300' title='bbox 839 4607 916 4661; x_wconf 68' lang='lat' dir='ltr'><strong>laona</strong></span> <span class='ocrx_word' id='word_1_301' title='bbox 935 4607 972 4659; x_wconf 94' lang='lat' dir='ltr'><strong>im</strong></span> <span class='ocrx_word' id='word_1_302' title='bbox 991 4605 1154 4662; x_wconf 83' lang='lat' dir='ltr'><strong>Cembratal.</strong></span> <span class='ocrx_word' id='word_1_303' title='bbox 1238 4626 1240 4633; x_wconf 64' lang='grc'>’</span> 
     </span>
    </p>
   </div>
   <div class='ocr_carea' id='block_1_9' title="bbox 0 0 1714 5234">
    <p class='ocr_par' dir='ltr' id='par_1_14' title="bbox 0 0 1714 5234">
     <span class='ocr_line' id='line_1_39' title="bbox 0 0 1714 5234; baseline 0 0"><span class='ocrx_word' id='word_1_304' title='bbox 0 0 1714 5234; x_wconf 95' lang='lat' dir='ltr'><strong> </strong></span> 
     </span>
    </p>
   </div>
  </div>
 </body>
</html>
