<?xml version="1.0" encoding="UTF-8"?>
<!DOCTYPE html PUBLIC "-//W3C//DTD XHTML 1.0 Transitional//EN"
    "http://www.w3.org/TR/xhtml1/DTD/xhtml1-transitional.dtd">
<html xmlns="http://www.w3.org/1999/xhtml" xml:lang="en" lang="en">
 <head>
  <title>
</title>
<meta http-equiv="Content-Type" content="text/html;charset=utf-8" />
  <meta name='ocr-system' content='tesseract 3.04.00' />
  <meta name='ocr-capabilities' content='ocr_page ocr_carea ocr_par ocr_line ocrx_word'/>
</head>
<body>
  <div class='ocr_page' id='page_1' title='image "./archivfrkatholi20jurigoog/archivfrkatholi20jurigoog_0428.png"; bbox 0 0 3417 5234; ppageno 0'>
   <div class='ocr_carea' id='block_1_1' title="bbox 856 419 1064 520">
    <p class='ocr_par' dir='ltr' id='par_1_1' title="bbox 856 419 1064 520">
     <span class='ocr_line' id='line_1_1' title="bbox 856 419 1064 520; baseline 0.01 -2"><span class='ocrx_word' id='word_1_1' title='bbox 856 419 1064 520; x_wconf 46' lang='lat' dir='ltr'>At„</span> 
     </span>
    </p>
   </div>
   <div class='ocr_carea' id='block_1_2' title="bbox 345 631 1580 4270">
    <p class='ocr_par' dir='ltr' id='par_1_2' title="bbox 345 631 1571 825">
     <span class='ocr_line' id='line_1_2' title="bbox 345 631 1571 718; baseline -0.002 -17"><span class='ocrx_word' id='word_1_2' title='bbox 345 634 490 703; x_wconf 89' lang='lat' dir='ltr'>vorleiht</span> <span class='ocrx_word' id='word_1_3' title='bbox 529 633 588 700; x_wconf 88' lang='lat' dir='ltr'>der</span> <span class='ocrx_word' id='word_1_4' title='bbox 628 632 768 700; x_wconf 87' lang='lat' dir='ltr'>Bischoi</span> <span class='ocrx_word' id='word_1_5' title='bbox 814 633 886 700; x_wconf 89' lang='lat' dir='ltr'>dem</span> <span class='ocrx_word' id='word_1_6' title='bbox 930 638 1119 718; x_wconf 85' lang='lat' dir='ltr'>geuaunten</span> <span class='ocrx_word' id='word_1_7' title='bbox 1165 631 1343 700; x_wconf 79' lang='lat' dir='ltr'><strong>Schneider</strong></span> <span class='ocrx_word' id='word_1_8' title='bbox 1382 632 1441 699; x_wconf 90' lang='lat' dir='ltr'>das</span> <span class='ocrx_word' id='word_1_9' title='bbox 1482 631 1571 698; x_wconf 84' lang='lat' dir='ltr'>Hans</span> 
     </span>
     <span class='ocr_line' id='line_1_3' title="bbox 346 739 1571 825; baseline -0.002 -17"><span class='ocrx_word' id='word_1_10' title='bbox 346 761 386 808; x_wconf 90' lang='lat' dir='ltr'>zu</span> <span class='ocrx_word' id='word_1_11' title='bbox 409 741 586 809; x_wconf 81' lang='lat' dir='ltr'>Trieutner</span> <span class='ocrx_word' id='word_1_12' title='bbox 602 742 812 808; x_wconf 87' lang='lat' dir='ltr'>Marktrecht</span> <span class='ocrx_word' id='word_1_13' title='bbox 834 760 888 809; x_wconf 92' lang='lat' dir='ltr'>um</span> <span class='ocrx_word' id='word_1_14' title='bbox 912 741 976 808; x_wconf 90' lang='lat' dir='ltr'>don</span> <span class='ocrx_word' id='word_1_15' title='bbox 999 739 1188 824; x_wconf 86' lang='lat' dir='ltr'>bisherigen</span> <span class='ocrx_word' id='word_1_16' title='bbox 1204 741 1282 806; x_wconf 85' lang='lat' dir='ltr'>Zios</span> <span class='ocrx_word' id='word_1_17' title='bbox 1306 759 1369 806; x_wconf 94' lang='lat' dir='ltr'>von</span> <span class='ocrx_word' id='word_1_18' title='bbox 1394 739 1528 806; x_wconf 80' lang='lat' dir='ltr'>bsolidi</span> <span class='ocrx_word' id='word_1_19' title='bbox 1537 739 1571 825; x_wconf 85' lang='lat'>¹).</span> 
     </span>
    </p>

    <p class='ocr_par' dir='ltr' id='par_1_3' title="bbox 346 846 1576 2658">
     <span class='ocr_line' id='line_1_4' title="bbox 437 846 1572 917; baseline -0.002 -3"><span class='ocrx_word' id='word_1_20' title='bbox 437 849 533 915; x_wconf 80' lang='lat'>1262.</span> <span class='ocrx_word' id='word_1_21' title='bbox 581 849 758 916; x_wconf 86' lang='lat' dir='ltr'>Bertoldus</span> <span class='ocrx_word' id='word_1_22' title='bbox 789 850 923 916; x_wconf 84' lang='lat' dir='ltr'>Ancche</span> <span class='ocrx_word' id='word_1_23' title='bbox 954 849 995 916; x_wconf 91' lang='lat' dir='ltr'>de</span> <span class='ocrx_word' id='word_1_24' title='bbox 1022 869 1049 916; x_wconf 91' lang='lat' dir='ltr'>s.</span> <span class='ocrx_word' id='word_1_25' title='bbox 1067 849 1188 917; x_wconf 82' lang='lat' dir='ltr'>Georio</span> <span class='ocrx_word' id='word_1_26' title='bbox 1217 846 1382 915; x_wconf 84' lang='lat' dir='ltr'>refutavit</span> <span class='ocrx_word' id='word_1_27' title='bbox 1410 847 1445 912; x_wconf 92' lang='lat' dir='ltr'>in</span> <span class='ocrx_word' id='word_1_28' title='bbox 1474 847 1572 914; x_wconf 86' lang='lat' dir='ltr'>Rem·</span> 
     </span>
     <span class='ocr_line' id='line_1_5' title="bbox 346 954 1572 1040; baseline -0.003 -16"><span class='ocrx_word' id='word_1_29' title='bbox 346 957 498 1024; x_wconf 85' lang='lat' dir='ltr'>berhtam</span> <span class='ocrx_word' id='word_1_30' title='bbox 532 956 764 1024; x_wconf 89' lang='lat' dir='ltr'>staciouarium</span> <span class='ocrx_word' id='word_1_31' title='bbox 793 957 834 1023; x_wconf 89' lang='lat' dir='ltr'>de</span> <span class='ocrx_word' id='word_1_32' title='bbox 863 957 996 1024; x_wconf 87' lang='lat' dir='ltr'>Bozano</span> <span class='ocrx_word' id='word_1_33' title='bbox 1024 955 1153 1040; x_wconf 80' lang='lat' dir='ltr'>peciam</span> <span class='ocrx_word' id='word_1_34' title='bbox 1183 974 1280 1022; x_wconf 88' lang='lat' dir='ltr'>unam</span> <span class='ocrx_word' id='word_1_35' title='bbox 1308 961 1399 1022; x_wconf 87' lang='lat' dir='ltr'>terre</span> <span class='ocrx_word' id='word_1_36' title='bbox 1431 954 1572 1021; x_wconf 90' lang='lat' dir='ltr'>iacentis</span> 
     </span>
     <span class='ocr_line' id='line_1_6' title="bbox 347 1063 1572 1150; baseline -0.002 -20"><span class='ocrx_word' id='word_1_37' title='bbox 347 1065 388 1131; x_wconf 90' lang='lat' dir='ltr'>ad</span> <span class='ocrx_word' id='word_1_38' title='bbox 412 1063 592 1150; x_wconf 67' lang='lat' dir='ltr'>Scavms&#39;t</span> <span class='ocrx_word' id='word_1_39' title='bbox 618 1117 651 1132; x_wconf 92' lang='grc'>..</span> <span class='ocrx_word' id='word_1_40' title='bbox 675 1118 682 1133; x_wconf 90' lang='grc'><strong>.</strong></span> <span class='ocrx_word' id='word_1_41' title='bbox 708 1084 819 1148; x_wconf 89' lang='lat' dir='ltr'>quam</span> <span class='ocrx_word' id='word_1_42' title='bbox 844 1068 991 1131; x_wconf 87' lang='lat' dir='ltr'>terram</span> <span class='ocrx_word' id='word_1_43' title='bbox 1016 1065 1147 1131; x_wconf 90' lang='lat' dir='ltr'>dictus</span> <span class='ocrx_word' id='word_1_44' title='bbox 1171 1063 1386 1130; x_wconf 89' lang='lat' dir='ltr'>Bertoldns</span> <span class='ocrx_word' id='word_1_45' title='bbox 1410 1063 1572 1130; x_wconf 84' lang='lat' dir='ltr'>Anache</span> 
     </span>
     <span class='ocr_line' id='line_1_7' title="bbox 346 1171 1574 1256; baseline -0.002 -18"><span class='ocrx_word' id='word_1_46' title='bbox 346 1173 418 1238; x_wconf 91' lang='lat' dir='ltr'>huc</span> <span class='ocrx_word' id='word_1_47' title='bbox 441 1191 564 1256; x_wconf 90' lang='lat' dir='ltr'>nsque</span> <span class='ocrx_word' id='word_1_48' title='bbox 588 1173 759 1240; x_wconf 83' lang='lat' dir='ltr'>habebat</span> <span class='ocrx_word' id='word_1_49' title='bbox 783 1173 824 1240; x_wconf 92' lang='lat' dir='ltr'>ad</span> <span class='ocrx_word' id='word_1_50' title='bbox 848 1172 1048 1240; x_wconf 91' lang='lat' dir='ltr'>locaciouem</span> <span class='ocrx_word' id='word_1_51' title='bbox 1072 1173 1114 1238; x_wconf 92' lang='lat' dir='ltr'>ab</span> <span class='ocrx_word' id='word_1_52' title='bbox 1143 1173 1215 1254; x_wconf 88' lang='lat' dir='ltr'>ipso</span> <span class='ocrx_word' id='word_1_53' title='bbox 1237 1171 1440 1238; x_wconf 87' lang='lat' dir='ltr'>Remberhto</span> <span class='ocrx_word' id='word_1_54' title='bbox 1469 1189 1574 1237; x_wconf 87' lang='lat' dir='ltr'>annu·</span> 
     </span>
     <span class='ocr_line' id='line_1_8' title="bbox 348 1277 1572 1362; baseline -0.002 -17"><span class='ocrx_word' id='word_1_55' title='bbox 348 1279 428 1346; x_wconf 90' lang='lat' dir='ltr'>atim</span> <span class='ocrx_word' id='word_1_56' title='bbox 452 1299 519 1362; x_wconf 88' lang='lat' dir='ltr'>pro</span> <span class='ocrx_word' id='word_1_57' title='bbox 544 1299 666 1348; x_wconf 89' lang='lat' dir='ltr'>censu</span> <span class='ocrx_word' id='word_1_58' title='bbox 690 1280 807 1348; x_wconf 90' lang='lat' dir='ltr'>unius</span> <span class='ocrx_word' id='word_1_59' title='bbox 832 1298 929 1347; x_wconf 90' lang='lat' dir='ltr'>urue</span> <span class='ocrx_word' id='word_1_60' title='bbox 951 1280 1037 1348; x_wconf 91' lang='lat' dir='ltr'>vini</span> <span class='ocrx_word' id='word_1_61' title='bbox 1061 1286 1101 1346; x_wconf 89' lang='lat' dir='ltr'>et</span> <span class='ocrx_word' id='word_1_62' title='bbox 1123 1298 1194 1362; x_wconf 89' lang='lat' dir='ltr'>pro</span> <span class='ocrx_word' id='word_1_63' title='bbox 1218 1279 1371 1346; x_wconf 90' lang='lat' dir='ltr'>duobus</span> <span class='ocrx_word' id='word_1_64' title='bbox 1395 1277 1572 1360; x_wconf 92' lang='lat' dir='ltr'>capouis.</span> 
     </span>
     <span class='ocr_line' id='line_1_9' title="bbox 346 1383 1574 1471; baseline -0.002 -19"><span class='ocrx_word' id='word_1_65' title='bbox 346 1386 421 1453; x_wconf 81' lang='lat' dir='ltr'>Tali</span> <span class='ocrx_word' id='word_1_66' title='bbox 443 1405 523 1454; x_wconf 89' lang='lat' dir='ltr'>vero</span> <span class='ocrx_word' id='word_1_67' title='bbox 547 1395 645 1471; x_wconf 87' lang='lat' dir='ltr'>pacto</span> <span class='ocrx_word' id='word_1_68' title='bbox 670 1386 752 1456; x_wconf 90' lang='lat' dir='ltr'>iecit</span> <span class='ocrx_word' id='word_1_69' title='bbox 775 1387 846 1470; x_wconf 89' lang='lat' dir='ltr'>ipse</span> <span class='ocrx_word' id='word_1_70' title='bbox 863 1387 1039 1455; x_wconf 86' lang='lat' dir='ltr'>Bertoldus</span> <span class='ocrx_word' id='word_1_71' title='bbox 1055 1387 1190 1455; x_wconf 90' lang='lat' dir='ltr'>Aneche</span> <span class='ocrx_word' id='word_1_72' title='bbox 1206 1387 1311 1469; x_wconf 81' lang='lat' dir='ltr'>ipsam</span> <span class='ocrx_word' id='word_1_73' title='bbox 1333 1383 1574 1452; x_wconf 84' lang='lat' dir='ltr'>refutaciouem</span> 
     </span>
     <span class='ocr_line' id='line_1_10' title="bbox 346 1493 1575 1578; baseline 0 -18"><span class='ocrx_word' id='word_1_74' title='bbox 346 1493 380 1560; x_wconf 94' lang='lat' dir='ltr'>in</span> <span class='ocrx_word' id='word_1_75' title='bbox 409 1494 531 1562; x_wconf 92' lang='lat' dir='ltr'>dictum</span> <span class='ocrx_word' id='word_1_76' title='bbox 554 1496 803 1578; x_wconf 87' lang='lat' dir='ltr'>Remberhtum,</span> <span class='ocrx_word' id='word_1_77' title='bbox 835 1496 920 1578; x_wconf 89' lang='lat' dir='ltr'>quod</span> <span class='ocrx_word' id='word_1_78' title='bbox 944 1495 1015 1578; x_wconf 89' lang='lat' dir='ltr'>ipse</span> <span class='ocrx_word' id='word_1_79' title='bbox 1043 1495 1262 1562; x_wconf 89' lang='lat' dir='ltr'>Remberhtus</span> <span class='ocrx_word' id='word_1_80' title='bbox 1291 1493 1364 1560; x_wconf 88' lang='lat' dir='ltr'>iure</span> <span class='ocrx_word' id='word_1_81' title='bbox 1395 1493 1575 1560; x_wconf 67' lang='lat' dir='ltr'>locucionis</span> 
     </span>
     <span class='ocr_line' id='line_1_11' title="bbox 346 1597 1576 1685; baseline -0.002 -17"><span class='ocrx_word' id='word_1_82' title='bbox 346 1601 549 1684; x_wconf 87' lang='lat' dir='ltr'>perpetualis</span> <span class='ocrx_word' id='word_1_83' title='bbox 572 1603 687 1670; x_wconf 81' lang='lat' dir='ltr'>debiat</span> <span class='ocrx_word' id='word_1_84' title='bbox 709 1603 872 1670; x_wconf 89' lang='lat' dir='ltr'>investire</span> <span class='ocrx_word' id='word_1_85' title='bbox 894 1603 998 1685; x_wconf 81' lang='lat' dir='ltr'>ipsam</span> <span class='ocrx_word' id='word_1_86' title='bbox 1022 1609 1148 1670; x_wconf 87' lang='lat' dir='ltr'>terram</span> <span class='ocrx_word' id='word_1_87' title='bbox 1173 1601 1330 1668; x_wconf 88' lang='lat' dir='ltr'>Hainrico</span> <span class='ocrx_word' id='word_1_88' title='bbox 1347 1597 1516 1670; x_wconf 75' lang='lat' dir='ltr'>(luithario</span> <span class='ocrx_word' id='word_1_89' title='bbox 1541 1606 1576 1666; x_wconf 89' lang='lat' dir='ltr'>et</span> 
     </span>
     <span class='ocr_line' id='line_1_12' title="bbox 348 1707 1576 1794; baseline 0.001 -20"><span class='ocrx_word' id='word_1_90' title='bbox 348 1707 414 1775; x_wconf 86' lang='lat' dir='ltr'>fuit</span> <span class='ocrx_word' id='word_1_91' title='bbox 438 1709 610 1777; x_wconf 87' lang='lat' dir='ltr'>confessus</span> <span class='ocrx_word' id='word_1_92' title='bbox 634 1711 741 1778; x_wconf 91' lang='lat' dir='ltr'>dictus</span> <span class='ocrx_word' id='word_1_93' title='bbox 765 1711 915 1794; x_wconf 83' lang='lat' dir='ltr'>Aneche,</span> <span class='ocrx_word' id='word_1_94' title='bbox 945 1731 981 1778; x_wconf 91' lang='lat' dir='ltr'>se</span> <span class='ocrx_word' id='word_1_95' title='bbox 1004 1712 1170 1794; x_wconf 80' lang='lat' dir='ltr'>recepisse</span> <span class='ocrx_word' id='word_1_96' title='bbox 1198 1717 1233 1776; x_wconf 89' lang='lat' dir='ltr'>et</span> <span class='ocrx_word' id='word_1_97' title='bbox 1254 1709 1411 1777; x_wconf 86' lang='lat' dir='ltr'>habuisse</span> <span class='ocrx_word' id='word_1_98' title='bbox 1435 1711 1478 1775; x_wconf 91' lang='lat' dir='ltr'>ab</span> <span class='ocrx_word' id='word_1_99' title='bbox 1502 1709 1576 1791; x_wconf 88' lang='lat' dir='ltr'>ipso</span> 
     </span>
     <span class='ocr_line' id='line_1_13' title="bbox 347 1816 1575 1901; baseline -0.001 -19"><span class='ocrx_word' id='word_1_100' title='bbox 347 1816 506 1883; x_wconf 89' lang='lat' dir='ltr'>Hainrico</span> <span class='ocrx_word' id='word_1_101' title='bbox 527 1816 692 1886; x_wconf 75' lang='lat' dir='ltr'>(lodhario</span> <span class='ocrx_word' id='word_1_102' title='bbox 714 1837 773 1901; x_wconf 87' lang='lat' dir='ltr'>pro</span> <span class='ocrx_word' id='word_1_103' title='bbox 797 1819 886 1886; x_wconf 87' lang='lat' dir='ltr'>dicta</span> <span class='ocrx_word' id='word_1_104' title='bbox 901 1817 1108 1886; x_wconf 84' lang='lat' dir='ltr'>refutacione</span> <span class='ocrx_word' id='word_1_105' title='bbox 1131 1818 1235 1885; x_wconf 87' lang='lat' dir='ltr'>libras</span> <span class='ocrx_word' id='word_1_106' title='bbox 1255 1817 1314 1884; x_wconf 84' lang='lat' dir='ltr'>xlv</span> <span class='ocrx_word' id='word_1_107' title='bbox 1331 1817 1512 1884; x_wconf 85' lang='lat' dir='ltr'>Veronens.</span> <span class='ocrx_word' id='word_1_108' title='bbox 1533 1871 1540 1883; x_wconf 91' lang='lat'><strong><em>.</em></strong></span> <span class='ocrx_word' id='word_1_109' title='bbox 1566 1870 1575 1882; x_wconf 92' lang='lat'><strong>.</strong></span> 
     </span>
     <span class='ocr_line' id='line_1_14' title="bbox 346 1909 1576 1993; baseline 0 -3"><span class='ocrx_word' id='word_1_110' title='bbox 346 1925 419 1992; x_wconf 92' lang='lat' dir='ltr'>Hoc</span> <span class='ocrx_word' id='word_1_111' title='bbox 443 1923 534 1991; x_wconf 88' lang='lat' dir='ltr'>facto</span> <span class='ocrx_word' id='word_1_112' title='bbox 558 1925 592 1990; x_wconf 94' lang='lat' dir='ltr'>in</span> <span class='ocrx_word' id='word_1_113' title='bbox 616 1925 798 1993; x_wconf 89' lang='lat' dir='ltr'>continenti</span> <span class='ocrx_word' id='word_1_114' title='bbox 829 1909 894 1992; x_wconf 75' lang='lat' dir='ltr'>iah]</span> <span class='ocrx_word' id='word_1_115' title='bbox 922 1927 1029 1993; x_wconf 86' lang='lat' dir='ltr'>dictus</span> <span class='ocrx_word' id='word_1_116' title='bbox 1052 1927 1273 1992; x_wconf 90' lang='lat' dir='ltr'>Remberhtus</span> <span class='ocrx_word' id='word_1_117' title='bbox 1297 1925 1370 1991; x_wconf 91' lang='lat' dir='ltr'>iure</span> <span class='ocrx_word' id='word_1_118' title='bbox 1393 1924 1576 1992; x_wconf 84' lang='lat' dir='ltr'>locucionis</span> 
     </span>
     <span class='ocr_line' id='line_1_15' title="bbox 347 2031 1575 2116; baseline 0 -18"><span class='ocrx_word' id='word_1_119' title='bbox 347 2033 549 2115; x_wconf 84' lang='lat' dir='ltr'>perpetualis</span> <span class='ocrx_word' id='word_1_120' title='bbox 574 2053 594 2099; x_wconf 90' lang='lat' dir='ltr'>a</span> <span class='ocrx_word' id='word_1_121' title='bbox 618 2051 654 2100; x_wconf 91' lang='lat' dir='ltr'>se</span> <span class='ocrx_word' id='word_1_122' title='bbox 677 2034 810 2116; x_wconf 88' lang='lat' dir='ltr'>suisque</span> <span class='ocrx_word' id='word_1_123' title='bbox 827 2032 1003 2100; x_wconf 87' lang='lat' dir='ltr'>heredibus</span> <span class='ocrx_word' id='word_1_124' title='bbox 1027 2034 1069 2101; x_wconf 90' lang='lat' dir='ltr'>ad</span> <span class='ocrx_word' id='word_1_125' title='bbox 1093 2034 1279 2101; x_wconf 89' lang='lat' dir='ltr'>habendum</span> <span class='ocrx_word' id='word_1_126' title='bbox 1302 2037 1338 2100; x_wconf 90' lang='lat' dir='ltr'>et</span> <span class='ocrx_word' id='word_1_127' title='bbox 1360 2031 1575 2100; x_wconf 89' lang='lat' dir='ltr'>detinendum</span> 
     </span>
     <span class='ocr_line' id='line_1_16' title="bbox 347 2134 1574 2226; baseline -0.001 -20"><span class='ocrx_word' id='word_1_128' title='bbox 347 2140 519 2207; x_wconf 85' lang='lat' dir='ltr'>investivit</span> <span class='ocrx_word' id='word_1_129' title='bbox 542 2141 647 2222; x_wconf 91' lang='lat' dir='ltr'>ipsum</span> <span class='ocrx_word' id='word_1_130' title='bbox 664 2141 855 2208; x_wconf 88' lang='lat' dir='ltr'>Haiuricum</span> <span class='ocrx_word' id='word_1_131' title='bbox 873 2134 1074 2210; x_wconf 84' lang='lat' dir='ltr'>Grirbarium</span> <span class='ocrx_word' id='word_1_132' title='bbox 1097 2141 1137 2207; x_wconf 89' lang='lat' dir='ltr'>de</span> <span class='ocrx_word' id='word_1_133' title='bbox 1159 2141 1294 2226; x_wconf 82' lang='lat' dir='ltr'>prelata</span> <span class='ocrx_word' id='word_1_134' title='bbox 1310 2139 1406 2223; x_wconf 91' lang='lat' dir='ltr'>pecia</span> <span class='ocrx_word' id='word_1_135' title='bbox 1422 2147 1574 2206; x_wconf 87' lang='lat' dir='ltr'>terre...</span> 
     </span>
     <span class='ocr_line' id='line_1_17' title="bbox 348 2245 1576 2332; baseline -0.001 -17"><span class='ocrx_word' id='word_1_136' title='bbox 348 2249 397 2315; x_wconf 96' lang='lat' dir='ltr'>ad</span> <span class='ocrx_word' id='word_1_137' title='bbox 422 2247 566 2316; x_wconf 86' lang='lat' dir='ltr'>fictum</span> <span class='ocrx_word' id='word_1_138' title='bbox 590 2249 788 2316; x_wconf 84' lang='lat' dir='ltr'>annuatim</span> <span class='ocrx_word' id='word_1_139' title='bbox 815 2251 984 2317; x_wconf 89' lang='lat' dir='ltr'>dandum</span> <span class='ocrx_word' id='word_1_140' title='bbox 1014 2255 1049 2315; x_wconf 92' lang='lat' dir='ltr'>et</span> <span class='ocrx_word' id='word_1_141' title='bbox 1079 2249 1268 2316; x_wconf 85' lang='lat' dir='ltr'>solvendum</span> <span class='ocrx_word' id='word_1_142' title='bbox 1292 2249 1363 2332; x_wconf 93' lang='lat' dir='ltr'>ipse</span> <span class='ocrx_word' id='word_1_143' title='bbox 1387 2245 1576 2316; x_wconf 82' lang='lat' dir='ltr'>Grdharins</span> 
     </span>
     <span class='ocr_line' id='line_1_18' title="bbox 348 2355 1576 2441; baseline -0.001 -19"><span class='ocrx_word' id='word_1_144' title='bbox 348 2361 383 2422; x_wconf 90' lang='lat' dir='ltr'>et</span> <span class='ocrx_word' id='word_1_145' title='bbox 414 2355 466 2422; x_wconf 91' lang='lat' dir='ltr'>sui</span> <span class='ocrx_word' id='word_1_146' title='bbox 496 2357 635 2424; x_wconf 90' lang='lat' dir='ltr'>heredes</span> <span class='ocrx_word' id='word_1_147' title='bbox 665 2357 889 2441; x_wconf 89' lang='lat' dir='ltr'>suprascripto</span> <span class='ocrx_word' id='word_1_148' title='bbox 920 2357 1121 2424; x_wconf 85' lang='lat' dir='ltr'>Rernberhto</span> <span class='ocrx_word' id='word_1_149' title='bbox 1152 2361 1187 2423; x_wconf 87' lang='lat' dir='ltr'>et</span> <span class='ocrx_word' id='word_1_150' title='bbox 1223 2356 1291 2423; x_wconf 91' lang='lat' dir='ltr'>suis</span> <span class='ocrx_word' id='word_1_151' title='bbox 1324 2355 1502 2422; x_wconf 85' lang='lat' dir='ltr'>heredibus</span> <span class='ocrx_word' id='word_1_152' title='bbox 1533 2355 1576 2421; x_wconf 91' lang='lat' dir='ltr'>de</span> 
     </span>
     <span class='ocr_line' id='line_1_19' title="bbox 348 2463 1576 2546; baseline 0 -17"><span class='ocrx_word' id='word_1_153' title='bbox 348 2464 422 2546; x_wconf 88' lang='lat' dir='ltr'>ipsa</span> <span class='ocrx_word' id='word_1_154' title='bbox 438 2470 530 2530; x_wconf 88' lang='lat' dir='ltr'>terra</span> <span class='ocrx_word' id='word_1_155' title='bbox 555 2484 667 2532; x_wconf 90' lang='lat' dir='ltr'>uuam</span> <span class='ocrx_word' id='word_1_156' title='bbox 691 2484 827 2532; x_wconf 90' lang='lat' dir='ltr'>urnam</span> <span class='ocrx_word' id='word_1_157' title='bbox 852 2466 897 2532; x_wconf 87' lang='lat' dir='ltr'>de</span> <span class='ocrx_word' id='word_1_158' title='bbox 913 2470 1041 2532; x_wconf 86' lang='lat' dir='ltr'>musto</span> <span class='ocrx_word' id='word_1_159' title='bbox 1065 2465 1163 2531; x_wconf 91' lang='lat' dir='ltr'>etin</span> <span class='ocrx_word' id='word_1_160' title='bbox 1185 2463 1456 2546; x_wconf 87' lang='lat' dir='ltr'>carnisprivio</span> <span class='ocrx_word' id='word_1_161' title='bbox 1479 2463 1576 2529; x_wconf 93' lang='lat' dir='ltr'>duos</span> 
     </span>
     <span class='ocr_line' id='line_1_20' title="bbox 349 2571 1207 2658; baseline 0.003 -22"><span class='ocrx_word' id='word_1_162' title='bbox 349 2591 519 2653; x_wconf 88' lang='lat' dir='ltr'>capones</span> <span class='ocrx_word' id='word_1_163' title='bbox 541 2573 596 2639; x_wconf 89' lang='lat' dir='ltr'>vel</span> <span class='ocrx_word' id='word_1_164' title='bbox 620 2573 677 2640; x_wconf 91' lang='lat' dir='ltr'>viii</span> <span class='ocrx_word' id='word_1_165' title='bbox 701 2573 759 2640; x_wconf 90' lang='lat' dir='ltr'>sol.</span> <span class='ocrx_word' id='word_1_166' title='bbox 785 2572 965 2640; x_wconf 88' lang='lat' dir='ltr'>Veronens.</span> <span class='ocrx_word' id='word_1_167' title='bbox 991 2571 1207 2658; x_wconf 86' lang='lat' dir='ltr'>annuatim³).</span> 
     </span>
    </p>

    <p class='ocr_par' dir='ltr' id='par_1_4' title="bbox 349 2678 1580 4270">
     <span class='ocr_line' id='line_1_21' title="bbox 441 2678 1576 2747; baseline -0.002 -2"><span class='ocrx_word' id='word_1_168' title='bbox 441 2681 535 2747; x_wconf 86' lang='grc'><strong>1339.</strong></span> <span class='ocrx_word' id='word_1_169' title='bbox 583 2680 747 2747; x_wconf 86' lang='lat' dir='ltr'>Henricus</span> <span class='ocrx_word' id='word_1_170' title='bbox 770 2681 879 2747; x_wconf 88' lang='lat' dir='ltr'>dictus</span> <span class='ocrx_word' id='word_1_171' title='bbox 903 2680 1040 2747; x_wconf 89' lang='lat' dir='ltr'>Prauuli</span> <span class='ocrx_word' id='word_1_172' title='bbox 1064 2681 1104 2746; x_wconf 90' lang='lat' dir='ltr'>de</span> <span class='ocrx_word' id='word_1_173' title='bbox 1129 2679 1285 2747; x_wconf 86' lang='lat' dir='ltr'>Altlehen</span> <span class='ocrx_word' id='word_1_174' title='bbox 1308 2678 1393 2745; x_wconf 89' lang='lat' dir='ltr'>filius</span> <span class='ocrx_word' id='word_1_175' title='bbox 1417 2678 1510 2745; x_wconf 88' lang='lat' dir='ltr'>Petri</span> <span class='ocrx_word' id='word_1_176' title='bbox 1535 2679 1576 2744; x_wconf 89' lang='lat' dir='ltr'>de</span> 
     </span>
     <span class='ocr_line' id='line_1_22' title="bbox 349 2786 1578 2869; baseline -0.001 -17"><span class='ocrx_word' id='word_1_177' title='bbox 349 2786 476 2852; x_wconf 82' lang='lat' dir='ltr'>Ourono</span> <span class='ocrx_word' id='word_1_178' title='bbox 500 2806 558 2869; x_wconf 90' lang='lat' dir='ltr'>pro</span> <span class='ocrx_word' id='word_1_179' title='bbox 582 2807 617 2854; x_wconf 91' lang='lat' dir='ltr'>se</span> <span class='ocrx_word' id='word_1_180' title='bbox 641 2794 676 2854; x_wconf 92' lang='lat' dir='ltr'>et</span> <span class='ocrx_word' id='word_1_181' title='bbox 699 2788 847 2855; x_wconf 87' lang='lat' dir='ltr'>omnibus</span> <span class='ocrx_word' id='word_1_182' title='bbox 872 2788 940 2854; x_wconf 88' lang='lat' dir='ltr'>suis</span> <span class='ocrx_word' id='word_1_183' title='bbox 962 2787 1138 2854; x_wconf 87' lang='lat' dir='ltr'>heredibus</span> <span class='ocrx_word' id='word_1_184' title='bbox 1160 2786 1243 2854; x_wconf 88' lang='lat' dir='ltr'>iecit</span> <span class='ocrx_word' id='word_1_185' title='bbox 1265 2787 1375 2869; x_wconf 87' lang='lat' dir='ltr'>finem,</span> <span class='ocrx_word' id='word_1_186' title='bbox 1404 2787 1516 2852; x_wconf 90' lang='lat' dir='ltr'>datam</span> <span class='ocrx_word' id='word_1_187' title='bbox 1542 2791 1578 2852; x_wconf 86' lang='lat' dir='ltr'>et</span> 
     </span>
     <span class='ocr_line' id='line_1_23' title="bbox 349 2893 1576 2980; baseline 0.002 -22"><span class='ocrx_word' id='word_1_188' title='bbox 349 2895 526 2961; x_wconf 87' lang='lat' dir='ltr'>cessionem</span> <span class='ocrx_word' id='word_1_189' title='bbox 558 2901 657 2978; x_wconf 84' lang='lat' dir='ltr'>atque</span> <span class='ocrx_word' id='word_1_190' title='bbox 688 2895 945 2980; x_wconf 80' lang='lat' dir='ltr'>resignationem</span> <span class='ocrx_word' id='word_1_191' title='bbox 970 2896 1193 2978; x_wconf 87' lang='lat' dir='ltr'>perpetualem</span> <span class='ocrx_word' id='word_1_192' title='bbox 1222 2895 1256 2960; x_wconf 92' lang='lat' dir='ltr'>in</span> <span class='ocrx_word' id='word_1_193' title='bbox 1280 2893 1431 2960; x_wconf 89' lang='lat' dir='ltr'>manibus</span> <span class='ocrx_word' id='word_1_194' title='bbox 1453 2893 1576 2960; x_wconf 90' lang='lat' dir='ltr'>nobilis</span> 
     </span>
     <span class='ocr_line' id='line_1_24' title="bbox 349 3001 1576 3087; baseline -0.002 -19"><span class='ocrx_word' id='word_1_195' title='bbox 349 3002 415 3068; x_wconf 90' lang='lat' dir='ltr'>viri</span> <span class='ocrx_word' id='word_1_196' title='bbox 439 3002 559 3069; x_wconf 92' lang='lat' dir='ltr'>domini</span> <span class='ocrx_word' id='word_1_197' title='bbox 583 3003 757 3070; x_wconf 84' lang='lat' dir='ltr'>Bertholdi</span> <span class='ocrx_word' id='word_1_198' title='bbox 780 3003 985 3087; x_wconf 84' lang='lat' dir='ltr'>Rubeynarii</span> <span class='ocrx_word' id='word_1_199' title='bbox 1008 3002 1185 3070; x_wconf 88' lang='lat' dir='ltr'>iusticiarii</span> <span class='ocrx_word' id='word_1_200' title='bbox 1202 3001 1410 3087; x_wconf 79' lang='lat' dir='ltr'>lderniuge⁴)</span> <span class='ocrx_word' id='word_1_201' title='bbox 1433 3019 1576 3085; x_wconf 86' lang='lat' dir='ltr'>genera·</span> 
     </span>
     <span class='ocr_line' id='line_1_25' title="bbox 350 3108 1576 3194; baseline -0.001 -20"><span class='ocrx_word' id='word_1_202' title='bbox 350 3109 428 3176; x_wconf 87' lang='lat' dir='ltr'>liter</span> <span class='ocrx_word' id='word_1_203' title='bbox 452 3111 492 3175; x_wconf 92' lang='lat' dir='ltr'>de</span> <span class='ocrx_word' id='word_1_204' title='bbox 516 3109 603 3177; x_wconf 92' lang='lat' dir='ltr'>omni</span> <span class='ocrx_word' id='word_1_205' title='bbox 633 3117 668 3177; x_wconf 90' lang='lat' dir='ltr'>et</span> <span class='ocrx_word' id='word_1_206' title='bbox 698 3116 768 3177; x_wconf 90' lang='lat' dir='ltr'>toto</span> <span class='ocrx_word' id='word_1_207' title='bbox 801 3129 860 3177; x_wconf 90' lang='lat' dir='ltr'>suo</span> <span class='ocrx_word' id='word_1_208' title='bbox 890 3111 962 3178; x_wconf 89' lang='lat' dir='ltr'>iure</span> <span class='ocrx_word' id='word_1_209' title='bbox 986 3111 1172 3194; x_wconf 90' lang='lat' dir='ltr'>colonatus,</span> <span class='ocrx_word' id='word_1_210' title='bbox 1204 3109 1290 3192; x_wconf 91' lang='lat' dir='ltr'>quod</span> <span class='ocrx_word' id='word_1_211' title='bbox 1312 3108 1415 3174; x_wconf 88' lang='lat' dir='ltr'>babet</span> <span class='ocrx_word' id='word_1_212' title='bbox 1440 3159 1447 3173; x_wconf 92' lang='lat'><strong>.</strong></span> <span class='ocrx_word' id='word_1_213' title='bbox 1474 3159 1481 3174; x_wconf 92' lang='lat'><strong>.</strong></span> <span class='ocrx_word' id='word_1_214' title='bbox 1508 3161 1514 3174; x_wconf 92' lang='lat'>.</span> <span class='ocrx_word' id='word_1_215' title='bbox 1541 3110 1576 3173; x_wconf 94' lang='lat' dir='ltr'>in</span> 
     </span>
     <span class='ocr_line' id='line_1_26' title="bbox 350 3215 1577 3300; baseline -0.002 -18"><span class='ocrx_word' id='word_1_216' title='bbox 350 3215 491 3298; x_wconf 90' lang='lat' dir='ltr'>quadam</span> <span class='ocrx_word' id='word_1_217' title='bbox 520 3219 613 3300; x_wconf 89' lang='lat' dir='ltr'>pecia</span> <span class='ocrx_word' id='word_1_218' title='bbox 643 3225 734 3284; x_wconf 90' lang='lat' dir='ltr'>terre</span> <span class='ocrx_word' id='word_1_219' title='bbox 765 3217 900 3286; x_wconf 86' lang='lat' dir='ltr'>vineato</span> <span class='ocrx_word' id='word_1_220' title='bbox 929 3219 1039 3300; x_wconf 85' lang='lat' dir='ltr'>posita</span> <span class='ocrx_word' id='word_1_221' title='bbox 1069 3223 1103 3285; x_wconf 90' lang='lat' dir='ltr'>et</span> <span class='ocrx_word' id='word_1_222' title='bbox 1133 3217 1264 3285; x_wconf 90' lang='lat' dir='ltr'>iacente</span> <span class='ocrx_word' id='word_1_223' title='bbox 1294 3217 1327 3282; x_wconf 94' lang='lat' dir='ltr'>in</span> <span class='ocrx_word' id='word_1_224' title='bbox 1361 3215 1577 3298; x_wconf 89' lang='lat' dir='ltr'>pertinentiis</span> 
     </span>
     <span class='ocr_line' id='line_1_27' title="bbox 352 3325 1576 3408; baseline -0.002 -18"><span class='ocrx_word' id='word_1_225' title='bbox 352 3325 479 3407; x_wconf 89' lang='lat' dir='ltr'>capelle</span> <span class='ocrx_word' id='word_1_226' title='bbox 502 3325 655 3392; x_wconf 81' lang='lat' dir='ltr'>Trameui</span> <span class='ocrx_word' id='word_1_227' title='bbox 680 3326 736 3392; x_wconf 89' lang='lat' dir='ltr'>ubi</span> <span class='ocrx_word' id='word_1_228' title='bbox 768 3325 891 3391; x_wconf 87' lang='lat' dir='ltr'>dicitur</span> <span class='ocrx_word' id='word_1_229' title='bbox 914 3325 1121 3408; x_wconf 89' lang='lat' dir='ltr'>Hirsprunch</span> <span class='ocrx_word' id='word_1_230' title='bbox 1146 3376 1153 3390; x_wconf 92' lang='lat'><strong>.</strong></span> <span class='ocrx_word' id='word_1_231' title='bbox 1178 3377 1185 3390; x_wconf 92' lang='lat'><strong>.</strong></span> <span class='ocrx_word' id='word_1_232' title='bbox 1213 3376 1220 3390; x_wconf 91' lang='lat'><strong>.</strong></span> <span class='ocrx_word' id='word_1_233' title='bbox 1245 3342 1367 3407; x_wconf 85' lang='lat' dir='ltr'>rogans</span> <span class='ocrx_word' id='word_1_234' title='bbox 1395 3328 1430 3389; x_wconf 91' lang='lat' dir='ltr'>et</span> <span class='ocrx_word' id='word_1_235' title='bbox 1457 3329 1576 3406; x_wconf 90' lang='lat' dir='ltr'>petens</span> 
     </span>
     <span class='ocr_line' id='line_1_28' title="bbox 350 3430 1578 3515; baseline -0.001 -18"><span class='ocrx_word' id='word_1_236' title='bbox 350 3431 515 3498; x_wconf 87' lang='lat' dir='ltr'>instanter</span> <span class='ocrx_word' id='word_1_237' title='bbox 538 3431 690 3515; x_wconf 88' lang='lat' dir='ltr'>quatinus</span> <span class='ocrx_word' id='word_1_238' title='bbox 716 3433 823 3501; x_wconf 89' lang='lat' dir='ltr'>dictus</span> <span class='ocrx_word' id='word_1_239' title='bbox 847 3435 878 3500; x_wconf 93' lang='lat' dir='ltr'>d.</span> <span class='ocrx_word' id='word_1_240' title='bbox 896 3433 1095 3500; x_wconf 90' lang='lat' dir='ltr'>Bertholdus</span> <span class='ocrx_word' id='word_1_241' title='bbox 1118 3431 1280 3500; x_wconf 87' lang='lat' dir='ltr'>investire</span> <span class='ocrx_word' id='word_1_242' title='bbox 1297 3431 1434 3497; x_wconf 89' lang='lat' dir='ltr'>deberet</span> <span class='ocrx_word' id='word_1_243' title='bbox 1450 3431 1490 3496; x_wconf 89' lang='lat' dir='ltr'>de</span> <span class='ocrx_word' id='word_1_244' title='bbox 1506 3430 1578 3496; x_wconf 85' lang='lat' dir='ltr'>iure</span> 
     </span>
     <span class='ocr_line' id='line_1_29' title="bbox 353 3537 1577 3623; baseline -0.002 -19"><span class='ocrx_word' id='word_1_245' title='bbox 353 3539 525 3605; x_wconf 87' lang='lat' dir='ltr'>colonatus</span> <span class='ocrx_word' id='word_1_246' title='bbox 564 3539 668 3622; x_wconf 91' lang='lat' dir='ltr'>ipsius</span> <span class='ocrx_word' id='word_1_247' title='bbox 707 3540 800 3623; x_wconf 92' lang='lat' dir='ltr'>pecie</span> <span class='ocrx_word' id='word_1_248' title='bbox 839 3541 1000 3608; x_wconf 92' lang='lat' dir='ltr'>dominam</span> <span class='ocrx_word' id='word_1_249' title='bbox 1040 3538 1245 3606; x_wconf 84' lang='lat' dir='ltr'>Albaidicem</span> <span class='ocrx_word' id='word_1_250' title='bbox 1277 3537 1377 3604; x_wconf 89' lang='lat' dir='ltr'>filiam</span> <span class='ocrx_word' id='word_1_251' title='bbox 1413 3537 1577 3620; x_wconf 86' lang='lat' dir='ltr'>quondam</span> 
     </span>
     <span class='ocr_line' id='line_1_30' title="bbox 350 3645 1578 3732; baseline -0.002 -20"><span class='ocrx_word' id='word_1_252' title='bbox 350 3645 498 3712; x_wconf 86' lang='lat' dir='ltr'>Heinrici</span> <span class='ocrx_word' id='word_1_253' title='bbox 522 3647 735 3731; x_wconf 86' lang='lat' dir='ltr'>Golthaymi.</span> <span class='ocrx_word' id='word_1_254' title='bbox 755 3701 787 3718; x_wconf 91' lang='lat'>..</span> <span class='ocrx_word' id='word_1_255' title='bbox 813 3667 856 3714; x_wconf 91' lang='lat' dir='ltr'>eo</span> <span class='ocrx_word' id='word_1_256' title='bbox 880 3648 986 3732; x_wconf 89' lang='lat' dir='ltr'>iure,</span> <span class='ocrx_word' id='word_1_257' title='bbox 1011 3648 1118 3714; x_wconf 87' lang='lat' dir='ltr'>nrodo</span> <span class='ocrx_word' id='word_1_258' title='bbox 1143 3651 1182 3713; x_wconf 89' lang='lat' dir='ltr'>et</span> <span class='ocrx_word' id='word_1_259' title='bbox 1206 3645 1348 3727; x_wconf 84' lang='lat' dir='ltr'>forma,</span> <span class='ocrx_word' id='word_1_260' title='bbox 1372 3663 1485 3726; x_wconf 88' lang='lat' dir='ltr'>quem</span> <span class='ocrx_word' id='word_1_261' title='bbox 1509 3645 1578 3710; x_wconf 93' lang='lat' dir='ltr'>ad-</span> 
     </span>
     <span class='ocr_line' id='line_1_31' title="bbox 351 3752 1579 3837; baseline -0.004 -16"><span class='ocrx_word' id='word_1_262' title='bbox 351 3754 502 3821; x_wconf 90' lang='lat' dir='ltr'>modum</span> <span class='ocrx_word' id='word_1_263' title='bbox 525 3753 611 3837; x_wconf 90' lang='lat' dir='ltr'>ipse</span> <span class='ocrx_word' id='word_1_264' title='bbox 635 3761 800 3822; x_wconf 90' lang='lat' dir='ltr'>actenus</span> <span class='ocrx_word' id='word_1_265' title='bbox 824 3755 982 3837; x_wconf 87' lang='lat' dir='ltr'>abipso</span> <span class='ocrx_word' id='word_1_266' title='bbox 1006 3754 1144 3820; x_wconf 93' lang='lat' dir='ltr'>tenuit</span> <span class='ocrx_word' id='word_1_267' title='bbox 1167 3759 1205 3820; x_wconf 92' lang='lat' dir='ltr'>et</span> <span class='ocrx_word' id='word_1_268' title='bbox 1228 3752 1428 3835; x_wconf 90' lang='lat' dir='ltr'>possedit,</span> <span class='ocrx_word' id='word_1_269' title='bbox 1460 3757 1579 3835; x_wconf 86' lang='lat' dir='ltr'>prout</span> 
     </span>
     <span class='ocr_line' id='line_1_32' title="bbox 351 3859 1579 3945; baseline -0.002 -18"><span class='ocrx_word' id='word_1_270' title='bbox 351 3862 511 3945; x_wconf 88' lang='lat' dir='ltr'>publico</span> <span class='ocrx_word' id='word_1_271' title='bbox 551 3863 788 3930; x_wconf 90' lang='lat' dir='ltr'>continetur</span> <span class='ocrx_word' id='word_1_272' title='bbox 826 3862 1094 3928; x_wconf 89' lang='lat' dir='ltr'>instrumento</span> <span class='ocrx_word' id='word_1_273' title='bbox 1129 3861 1253 3942; x_wconf 89' lang='lat' dir='ltr'>scripto</span> <span class='ocrx_word' id='word_1_274' title='bbox 1290 3878 1388 3925; x_wconf 88' lang='lat' dir='ltr'>manu</span> <span class='ocrx_word' id='word_1_275' title='bbox 1423 3859 1579 3926; x_wconf 78' lang='lat' dir='ltr'>Federici</span> 
     </span>
     <span class='ocr_line' id='line_1_33' title="bbox 352 3965 1578 4037; baseline -0.003 -1"><span class='ocrx_word' id='word_1_276' title='bbox 352 3969 477 4036; x_wconf 87' lang='lat' dir='ltr'>notarii</span> <span class='ocrx_word' id='word_1_277' title='bbox 508 3971 549 4036; x_wconf 90' lang='lat' dir='ltr'>de</span> <span class='ocrx_word' id='word_1_278' title='bbox 582 3971 710 4037; x_wconf 82' lang='lat' dir='ltr'>Curono</span> <span class='ocrx_word' id='word_1_279' title='bbox 744 3971 805 4037; x_wconf 88' lang='lat' dir='ltr'>sub</span> <span class='ocrx_word' id='word_1_280' title='bbox 841 3989 927 4036; x_wconf 87' lang='lat' dir='ltr'>anuo</span> <span class='ocrx_word' id='word_1_281' title='bbox 961 3969 1081 4036; x_wconf 90' lang='lat' dir='ltr'>domiui</span> <span class='ocrx_word' id='word_1_282' title='bbox 1112 3968 1283 4036; x_wconf 90' lang='lat' dir='ltr'>millesimo</span> <span class='ocrx_word' id='word_1_283' title='bbox 1318 3965 1458 4035; x_wconf 84' lang='lat' dir='ltr'>cccviii⁰</span> <span class='ocrx_word' id='word_1_284' title='bbox 1488 4019 1495 4032; x_wconf 94' lang='lat'><em>.</em></span> <span class='ocrx_word' id='word_1_285' title='bbox 1528 4018 1536 4032; x_wconf 88' lang='lat'><strong>.</strong></span> <span class='ocrx_word' id='word_1_286' title='bbox 1571 4018 1578 4032; x_wconf 93' lang='lat'><strong><em>.</em></strong></span> 
     </span>
     <span class='ocr_line' id='line_1_34' title="bbox 352 4073 1580 4145; baseline -0.003 -2"><span class='ocrx_word' id='word_1_287' title='bbox 352 4077 424 4144; x_wconf 92' lang='lat' dir='ltr'>Hoc</span> <span class='ocrx_word' id='word_1_288' title='bbox 457 4076 548 4144; x_wconf 87' lang='lat' dir='ltr'>facto</span> <span class='ocrx_word' id='word_1_289' title='bbox 579 4077 612 4144; x_wconf 92' lang='lat' dir='ltr'>in</span> <span class='ocrx_word' id='word_1_290' title='bbox 644 4077 827 4145; x_wconf 90' lang='lat' dir='ltr'>continenti</span> <span class='ocrx_word' id='word_1_291' title='bbox 859 4097 968 4145; x_wconf 90' lang='lat' dir='ltr'>coram</span> <span class='ocrx_word' id='word_1_292' title='bbox 1002 4076 1100 4143; x_wconf 89' lang='lat' dir='ltr'>dictis</span> <span class='ocrx_word' id='word_1_293' title='bbox 1130 4075 1271 4144; x_wconf 89' lang='lat' dir='ltr'>testibus</span> <span class='ocrx_word' id='word_1_294' title='bbox 1301 4084 1337 4143; x_wconf 92' lang='lat' dir='ltr'>et</span> <span class='ocrx_word' id='word_1_295' title='bbox 1365 4095 1417 4141; x_wconf 91' lang='lat' dir='ltr'>me</span> <span class='ocrx_word' id='word_1_296' title='bbox 1447 4073 1580 4141; x_wconf 86' lang='lat' dir='ltr'>notario</span> 
     </span>
     <span class='ocr_line' id='line_1_35' title="bbox 353 4183 1578 4270; baseline -0.001 -21"><span class='ocrx_word' id='word_1_297' title='bbox 353 4183 568 4268; x_wconf 84' lang='lat' dir='ltr'>infrascripto</span> <span class='ocrx_word' id='word_1_298' title='bbox 606 4185 758 4270; x_wconf 82' lang='lat' dir='ltr'>prefatus</span> <span class='ocrx_word' id='word_1_299' title='bbox 804 4185 954 4251; x_wconf 90' lang='lat' dir='ltr'>dominus</span> <span class='ocrx_word' id='word_1_300' title='bbox 991 4185 1189 4251; x_wconf 90' lang='lat' dir='ltr'>Bertholdus</span> <span class='ocrx_word' id='word_1_301' title='bbox 1226 4183 1489 4266; x_wconf 87' lang='lat' dir='ltr'>Rubeynavins.</span> <span class='ocrx_word' id='word_1_302' title='bbox 1526 4233 1533 4246; x_wconf 89' lang='lat'><strong>.</strong></span> <span class='ocrx_word' id='word_1_303' title='bbox 1571 4235 1578 4248; x_wconf 96' lang='lat'>.</span> 
     </span>
    </p>
   </div>
   <div class='ocr_carea' id='block_1_3' title="bbox 353 4313 564 4322">
    <p class='ocr_par' dir='ltr' id='par_1_5' title="bbox 353 4313 564 4322">
     <span class='ocr_line' id='line_1_36' title="bbox 353 4313 564 4322; baseline 0.005 -3"><span class='ocrx_word' id='word_1_304' title='bbox 353 4313 564 4322; x_wconf 72' lang='lat'><em>——.-.-......</em></span> 
     </span>
    </p>
   </div>
   <div class='ocr_carea' id='block_1_4' title="bbox 443 4358 1522 4702">
    <p class='ocr_par' dir='ltr' id='par_1_6' title="bbox 443 4358 1522 4520">
     <span class='ocr_line' id='line_1_37' title="bbox 444 4358 1522 4432; baseline -0.002 -16"><span class='ocrx_word' id='word_1_305' title='bbox 444 4361 463 4431; x_wconf 90' lang='lat'>¹)</span> <span class='ocrx_word' id='word_1_306' title='bbox 482 4363 592 4417; x_wconf 88' lang='lat' dir='ltr'>ActaII</span> <span class='ocrx_word' id='word_1_307' title='bbox 611 4378 637 4420; x_wconf 92' lang='lat' dir='ltr'>n.</span> <span class='ocrx_word' id='word_1_308' title='bbox 652 4365 717 4432; x_wconf 79' lang='lat'>506;</span> <span class='ocrx_word' id='word_1_309' title='bbox 736 4363 845 4418; x_wconf 83' lang='lat' dir='ltr'>ahnlioh</span> <span class='ocrx_word' id='word_1_310' title='bbox 864 4380 889 4418; x_wconf 93' lang='lat' dir='ltr'>v.</span> <span class='ocrx_word' id='word_1_311' title='bbox 900 4363 1044 4431; x_wconf 79' lang='lat' dir='ltr'>Hormayr,</span> <span class='ocrx_word' id='word_1_312' title='bbox 1063 4361 1159 4418; x_wconf 88' lang='lat' dir='ltr'>Gesch.</span> <span class='ocrx_word' id='word_1_313' title='bbox 1179 4359 1270 4415; x_wconf 87' lang='lat' dir='ltr'>Tirols</span> <span class='ocrx_word' id='word_1_314' title='bbox 1282 4359 1311 4413; x_wconf 89' lang='lat'>11</span> <span class='ocrx_word' id='word_1_315' title='bbox 1329 4375 1355 4418; x_wconf 90' lang='lat' dir='ltr'>n.</span> <span class='ocrx_word' id='word_1_316' title='bbox 1368 4361 1404 4414; x_wconf 80' lang='lat'>57</span> <span class='ocrx_word' id='word_1_317' title='bbox 1423 4358 1522 4429; x_wconf 81' lang='lat'>(1192).</span> 
     </span>
     <span class='ocr_line' id='line_1_38' title="bbox 443 4451 649 4520; baseline 0.024 -16"><span class='ocrx_word' id='word_1_318' title='bbox 443 4452 462 4520; x_wconf 67' lang='grc'>2)</span> <span class='ocrx_word' id='word_1_319' title='bbox 482 4451 532 4505; x_wconf 86' lang='lat' dir='ltr'>Bai</span> <span class='ocrx_word' id='word_1_320' title='bbox 550 4453 649 4509; x_wconf 86' lang='lat' dir='ltr'>Bozeu.</span> 
     </span>
    </p>

    <p class='ocr_par' dir='ltr' id='par_1_7' title="bbox 443 4541 892 4610">
     <span class='ocr_line' id='line_1_39' title="bbox 443 4541 892 4610; baseline 0.009 -18"><span class='ocrx_word' id='word_1_321' title='bbox 443 4541 464 4610; x_wconf 71' lang='grc'>1)</span> <span class='ocrx_word' id='word_1_322' title='bbox 483 4541 509 4597; x_wconf 85' lang='lat' dir='ltr'>J.</span> <span class='ocrx_word' id='word_1_323' title='bbox 530 4542 569 4597; x_wconf 85' lang='lat' dir='ltr'>St.</span> <span class='ocrx_word' id='word_1_324' title='bbox 589 4543 620 4597; x_wconf 89' lang='lat' dir='ltr'>A.</span> <span class='ocrx_word' id='word_1_325' title='bbox 640 4542 739 4596; x_wconf 82' lang='lat' dir='ltr'>Schatz</span> <span class='ocrx_word' id='word_1_326' title='bbox 758 4543 789 4598; x_wconf 85' lang='lat' dir='ltr'>A.</span> <span class='ocrx_word' id='word_1_327' title='bbox 803 4543 831 4596; x_wconf 94' lang='grc' dir='ltr'>ΙΙ</span> <span class='ocrx_word' id='word_1_328' title='bbox 849 4543 892 4596; x_wconf 80' lang='grc'>87.</span> 
     </span>
    </p>

    <p class='ocr_par' dir='ltr' id='par_1_8' title="bbox 443 4631 830 4702">
     <span class='ocr_line' id='line_1_40' title="bbox 443 4631 830 4702; baseline 0.005 -16"><span class='ocrx_word' id='word_1_329' title='bbox 443 4631 464 4701; x_wconf 83' lang='lat'>⁴)</span> <span class='ocrx_word' id='word_1_330' title='bbox 483 4633 509 4686; x_wconf 88' lang='lat' dir='ltr'>h.</span> <span class='ocrx_word' id='word_1_331' title='bbox 527 4632 648 4702; x_wconf 83' lang='lat' dir='ltr'>hlarling</span> <span class='ocrx_word' id='word_1_332' title='bbox 666 4634 709 4688; x_wconf 89' lang='lat' dir='ltr'>hei</span> <span class='ocrx_word' id='word_1_333' title='bbox 727 4633 830 4688; x_wconf 86' lang='lat' dir='ltr'>Morsu.</span> 
     </span>
    </p>
   </div>
   <div class='ocr_carea' id='block_1_5' title="bbox 0 0 1725 5234">
    <p class='ocr_par' dir='ltr' id='par_1_9' title="bbox 0 0 1725 5234">
     <span class='ocr_line' id='line_1_41' title="bbox 0 0 1725 5234; baseline 0 0"><span class='ocrx_word' id='word_1_334' title='bbox 0 0 1725 5234; x_wconf 95' lang='lat' dir='ltr'> </span> 
     </span>
    </p>
   </div>
  </div>
 </body>
</html>
