3417 5234
891 384 957 453 180

304 602 374 667 dem
395 600 526 669 Dicte
553 602 620 667 und
646 602 715 667 dem
738 600 843 669 Jatot
871 624 931 669 oon
954 602 1062 669 Bucen
1090 602 1183 667 sowie
1210 602 1278 667 dem
1303 600 1440 666 Seibelin
1468 602 1535 665 und

304 710 398 776 deren
423 708 574 776 Gottinen
596 710 648 775 011
671 709 767 775 scoot
788 710 942 777 1101110111
966 711 1013 777 101
1036 710 1144 776 Boreo
1166 730 1207 775 eu
1230 708 1401 791 Erbpucht.

393 823 469 893 Orig.
490 824 571 893 Perg.
590 823 617 879 J.
637 824 677 879 St.
696 825 729 879 A.
749 824 780 879 P.
800 840 826 881 n.
841 826 919 881 1161.

393 928 489 990 Anno
513 922 635 989 domiui
663 924 833 990 millesimo
868 925 973 991 cclxx.
1005 923 1188 991 indictione
1209 922 1269 989 xiii
1295 922 1348 989 die
1371 920 1536 988 dominico

302 1030 417 1099 ultimo
440 1037 583 1098 exeunte
605 1032 775 1099 novembri
799 1034 887 1115 opud
904 1033 1019 1099 Keller
1042 1032 1076 1099 in
1100 1031 1253 1099 Fosseto.
1295 1031 1334 1097 Iu
1360 1029 1536 1112 presencia

303 1138 408 1206 Frinii
432 1139 473 1206 de
486 1139 672 1222 Vilunders,
696 1138 802 1205 Frizii
817 1140 877 1207 tilii
894 1142 1031 1207 condam
1049 1139 1169 1206 domini
1187 1138 1306 1206 Ortolfi
1329 1139 1371 1204 de
1386 1138 1535 1219 Bozeno,

304 1245 440 1313 Huincii
470 1246 657 1329 Hovelorii,
696 1247 821 1315 Jokobi
854 1248 914 1315 filii
947 1248 1082 1315 condem
1114 1247 1248 1314 Heincii
1288 1244 1534 1327 Murleinderii‚

304 1354 439 1421 Huincii
473 1353 533 1420 tilii
566 1355 801 1421 Muretschorii
838 1356 879 1421 de
913 1355 1027 1423 Keller
1064 1364 1098 1423 et
1137 1354 1275 1421 oliorum
1314 1351 1535 1437 r(ogetorurn)

306 1461 450 1529 testium.
616 1461 733 1544 Ibique
766 1462 927 1529 Huincius
959 1463 992 1529 in
1024 1463 1096 1529 dem
1122 1464 1237 1547 Vagen
1268 1466 1303 1529 01
1334 1461 1422 1528 filius
1455 1478 1535 1525 suus

304 1568 484 1636 Dietherns
506 1588 572 1637 uua
595 1588 666 1635 curu
691 1569 819 1637 domino
843 1569 1042 1637 Gotschalco
1067 1570 1107 1636 de
1124 1568 1352 1637 Velvveustaln
1376 1574 1535 1651 presente

305 1678 441 1743 volente
475 1682 510 1743 et
545 1678 778 1744 consenciente
811 1683 911 1760 atque
942 1697 1001 1744 sun
1031 1696 1128 1744 monn
1161 1676 1363 1760 inpositione
1395 1682 1431 1741 et
1463 1675 1535 1757 ipse

303 1784 452 1851 domiuus
473 1784 691 1851 Gotschalcus
714 1804 774 1867 per
798 1804 834 1851 se
859 1804 1015 1868 suamque
1039 1804 1172 1853 uxorem
1191 1784 1354 1852 dominam
1370 1784 1534 1851 Mahthil-

302 1893 378 1959 dom
401 1897 436 1959 et
459 1892 562 1959 eciam
586 1912 646 1975 per
668 1893 809 1960 heredes
833 1912 944 1961 omnes
971 1892 1057 1960 filios
1082 1899 1116 1959 et
1138 1893 1224 1959 tilios
1248 1893 1385 1959 condem
1409 1891 1535 1957 domini

304 1999 470 2066 Wolfheri
487 2000 527 2066 de
541 2000 780 2083 Volwenstain,
798 2008 953 2082 presente
970 2001 1072 2067 eciem
1088 2002 1216 2068 donnino
1233 2000 1355 2067 Ottone
1371 1999 1413 2065 de
1430 1998 1536 2065 Vorst

302 2106 373 2173 iure
389 2113 424 2172 et
440 2106 569 2174 nomine
592 2108 770 2174 locucionis
786 2109 989 2191 perpetualis
1006 2114 1041 2175 01
1056 2108 1195 2190 quilibet
1212 2127 1322 2175 eorum
1339 2106 1373 2173 in
1389 2112 1495 2171 totnm
1513 2126 1536 2171 1

302 2233 338 2281 se
362 2214 496 2295 suisque
511 2215 686 2281 heredibus
703 2216 746 2281 od
762 2216 947 2281 habendum
965 2222 999 2281 et
1015 2216 1226 2282 detinendum
1242 2214 1483 2298 perpetualiter
1499 2213 1537 2278 id

304 2327 357 2387 est
373 2322 475 2388 donec
490 2323 627 2387 muudus
642 2321 706 2388 iste
719 2322 863 2406 durabit,
880 2324 1124 2391 investiverunt
1137 2322 1331 2389 Dietherum
1345 2322 1385 2387 10
1399 2322 1536 2387 Bozono

303 2429 515 2511 recipientem
539 2428 653 2494 sibiet
676 2429 844 2497 uxorisne
861 2430 1001 2496 Homine
1017 2437 1052 2497 et
1068 2430 1092 2497 J
1094 2432 1232 2497 acobum
1249 2432 1290 2496 de
1306 2432 1439 2496 Bozouo
1456 2427 1535 2495 olim

304 2536 503 2604 servientem
520 2536 653 2602 Haiucii
668 2536 834 2603 1101011101
858 2536 1069 2619 recipientem
1087 2537 1149 2603 sibi
1166 2543 1201 2603 01
1217 2556 1275 2604 000
1292 2537 1385 2604 uxori
1402 2536 1536 2603 Chuno-

302 2644 412 2728 guude
437 2644 476 2709 de
492 2644 627 2710 Bozeno
651 2651 752 2726 utque
769 2644 969 2711 Seibelinnm
994 2644 1206 2728 recipientem
1230 2646 1293 2711 sihi
1310 2650 1345 2711 et
1361 2643 1458 2711 uxori
1474 2662 1537 2709 sne

302 2752 430 2819 Oxerze
454 2752 495 2817 de
519 2752 660 2833 quadam
677 2752 877 2834 0001110110
894 2753 1026 2836 grezive
1042 2752 1181 2819 iacentis
1202 2754 1243 2819 11
1260 2753 1400 2820 Scuvers
1417 2753 1536 2818 subter

302 2860 428 2943 Vagen,
453 2858 505 2925 cui
528 2861 661 2925 coheret
685 2860 728 2926 ab
752 2880 815 2926 uuo
840 2860 1037 2927 1110101110
1062 2862 1198 2926 condam
1223 2859 1373 2944 Egelolfi,
1399 2862 1441 2925 ob
1466 2858 1535 2925 alio

303 2967 409 3033 lutere
433 2966 580 3033 dominus
603 2966 766 3034 Haincius
799 2968 839 3033 de
864 2973 979 3034 sancto
1003 2967 1125 3034 Georio
1154 2972 1188 3033 et
1221 2969 1361 3033 heredes
1393 2966 1533 3033 condem

253 3089 259 3100 ·
305 3068 455 3141 Dietheri
479 3073 519 3139 de
543 3074 686 3156 Bozeno,
716 3092 737 3140 1
759 3075 923 3156 superiori
948 3074 1057 3157 capite
1081 3074 1230 3141 dominus
1253 3074 1468 3141 Eberhardus
1491 3075 1534 3140 de

302 3181 452 3263 Bonam,
477 3182 519 3247 eb
547 3179 699 3247 inferiori
724 3183 835 3263 capite
859 3182 1105 3265 suprascriptus
1130 3182 1280 3248 domiuus
1304 3182 1465 3248 Haincius
1489 3182 1532 3246 de

246 3289 249 3293 ’
303 3296 419 3355 suncto
443 3288 564 3356 Georio
593 3288 680 3356 tilius
714 3290 850 3356 condem
874 3290 1052 3356 Plererlini
1083 3293 1118 3355 01
1149 3290 1289 3356 Coucius
1322 3291 1362 3355 de
1393 3288 1533 3355 Scafers

303 3403 339 3463 et
362 3396 451 3463 forte
467 3396 525 3462 elii
541 3401 618 3464 sunt
634 3397 838 3479 coherentes
863 3402 900 3463 01
923 3398 1078 3463 10001010
1099 3397 1319 3479 suprascripti
1337 3394 1531 3479 coniugales

303 3524 414 3571 omnes
443 3524 504 3586 per
533 3524 570 3571 se
601 3524 741 3587 suosque
773 3506 911 3571 heredes
941 3505 1086 3571 habeant
1114 3510 1252 3571 teneant
1282 3510 1317 3573 et
1345 3504 1531 3571 conducunt

302 3619 425 3678 terrum
448 3611 630 3693 predictam
655 3613 698 3679 ed
720 3614 804 3679 bene
827 3612 1043 3679 laborandam
1073 3612 1116 3678 ad
1140 3612 1375 3679 meliorandam
1399 3615 1434 3677 et
1464 3630 1528 3677 non

303 3720 527 3802 peioraudurn‚
552 3721 594 3786 ad
618 3719 706 3786 vites
729 3720 972 3807 implentundus
998 3724 1032 3785 01
1047 3720 1124 3785 hinc
1149 3720 1191 3786 ad
1207 3720 1388 3802 proximum
1405 3717 1529 3785 festum

302 3826 410 3893 sancti
434 3827 629 3893 Michuhelis
660 3833 694 3893 01
726 3826 802 3893 1010
826 3828 868 3893 11
892 3846 950 3893 sex
974 3846 1076 3895 annos
1100 3827 1269 3910 conpletos
1292 3847 1334 3893 ex
1358 3828 1444 3893 douo
1469 3827 1528 3891 ho-

302 3934 415 4015 bendi,
445 3934 548 4000 finitis
579 3934 737 4017 predictis
769 3952 827 4001 sex
850 3934 946 4001 anuis
969 3935 1012 4001 11
1036 3954 1168 4001 censum
1193 3933 1362 4001 annuatim
1388 3934 1528 4009 dandum

302 4047 338 4107 et
370 4042 560 4107 solvendum
601 4041 664 4123 ipsi
702 4042 890 4125 coniugales
927 4044 1145 4109 conductores
1177 4048 1212 4108 et
1244 4059 1355 4109 eorum
1388 4041 1528 4108 heredes

303 4148 425 4215 eisdem
441 4148 582 4214 Haincio
607 4155 642 4214 et
664 4168 725 4215 suo
749 4149 815 4215 filio
839 4155 875 4215 et
898 4168 1008 4216 eorum
1026 4150 1202 4217 heredibus
1219 4148 1431 4216 medietatem
1449 4148 1527 4230 vini,

303 4258 388 4339 qnod
422 4257 501 4322 deus
533 4257 661 4324 dederit
685 4257 719 4323 iu
743 4258 816 4339 ipsa
840 4257 947 4342 vinee,
973 4265 1007 4324 et
1032 4277 1104 4324 cum
1128 4264 1257 4340 purtem
1281 4257 1351 4323 vini
1374 4257 1456 4323 dare
1480 4257 1528 4322 in·

305 4363 462 4446 ceperint,
487 4370 568 4430 tnnc
591 4365 714 4431 debent
737 4365 840 4432 eciam
858 4366 937 4431 dare
950 4364 1036 4431 omni
1053 4384 1139 4432 auno
1156 4365 1189 4432 in
1213 4364 1393 4433 0111111110
1409 4363 1527 4431 domini

305 4473 387 4538 dnos
412 4490 528 4537 carnes
551 4472 702 4554 porcinas
727 4478 761 4539 et
786 4473 907 4539 dictum
931 4473 1108 4539 Haincium
1132 4473 1185 4539 vel
1216 4472 1318 4539 filium
1350 4478 1409 4539 aut
1433 4490 1524 4540 unum

302 4598 411 4645 eorum
443 4579 596 4644 nuncium
628 4580 803 4661 providere
827 4580 860 4645 in
885 4581 1039 4662 expensis
1064 4581 1096 4645 in
1121 4580 1291 4662 vindimio,
1321 4581 1425 4647 donec
1448 4596 1524 4661 pars
