3417 5234
835 366 1046 465 Δ...

326 580 451 644 Arboni
476 584 510 643 et
532 578 599 643 illio
623 598 681 645 suo
705 579 922 663 Megiuhardo
952 585 986 644 ιι
1009 578 1094 645 omni
1125 578 1314 661 posteritati
1342 596 1456 644 eorum
1484 596 1560 642 ver·

326 686 422 751 leiht:
472 685 515 751 ad
549 686 709 752 tributum
742 705 787 751 xx
825 686 933 753 ovium
974 691 1009 752 ιι
1047 685 1185 752 terciam
1226 690 1352 767 partem
1389 685 1562 763 rabanum,

327 793 414 875 quod
439 792 596 859 tributum
620 799 700 859 ente
725 792 847 860 festum
872 794 980 860 sancti
1004 792 1092 859 Galli
1116 792 1259 859 dandum
1283 799 1350 871 est;
1384 792 1414 857 si
1447 799 1563 858 autem

326 900 501 982 quidquam
527 919 626 982 usque
650 908 727 982 post
749 901 862 967 natale
879 900 999 967 domini
1021 900 1229 981 remanserit,
1254 899 1418 983 duplicari
1443 900 1563 978 debet,

328 1008 355 1073 si
387 1026 468 1075 vero
503 1007 580 1089 quid
612 1027 715 1090 usque
747 1013 823 1091 post
856 1027 944 1091 pexa
978 1008 1141 1074 residuum
1174 1005 1289 1085 suevit,
1325 1006 1409 1089 alpis
1441 1007 1504 1071 illa
1529 1006 1568 1070 in'

327 1118 497 1197 potestate
528 1114 662 1181 abbatis
693 1122 728 1181 et
758 1116 900 1182 fratrum
933 1115 993 1195 sit,
1029 1115 1092 1181 nisi
1123 1134 1182 1197 per
1212 1114 1357 1199 graciam
1390 1116 1451 1180 lroo
1484 1132 1565 1195 pro-

329 1226 506 1305 mereatur,
531 1222 711 1289 utiterum
736 1222 784 1289 eis
809 1222 1089 1305 reconcodatu1·¹).

416 1330 487 1396 Das
515 1329 899 1412 Brixne1·Domkapitel
928 1330 1071 1397 verleilrt
1099 1328 1348 1414 (commiserunt)
1375 1326 1462 1393 1230
1487 1328 1567 1393 dem

328 1437 423 1503 edleu
446 1438 578 1504 Herren
602 1436 699 1520 Hugo
724 1457 788 1505 vou
812 1438 958 1504 Tauiers
983 1438 1052 1503 drei
1076 1436 1166 1503 Ηὸιι
1190 1437 1224 1502 in
1248 1436 1314 1502 und
1339 1434 1392 1501 bei
1413 1434 1568 1501 Taufers

329 1563 435 1627 gegeu
455 1544 640 1628 jthrliolren
665 1545 744 1611 Zins
775 1564 838 1613 von
873 1545 912 1610 12
937 1543 1049 1611 Pfund
1079 1545 1208 1611 Berner
1237 1562 1289 1609 um
1320 1542 1567 1625 Allerheiligen

332 1670 392 1735 ,ea
407 1656 518 1717 tamen
535 1652 724 1718 condicione
741 1652 903 1735 apposita,
928 1650 1013 1733 quod
1029 1651 1223 1733 praedictae
1240 1650 1353 1717 curiae
1374 1652 1436 1716 sub
1459 1668 1567 1731 prae-

330 1757 402 1825 fato
425 1764 523 1841 pacto
548 1764 583 1823 et
611 1759 669 1824 sub
695 1758 807 1824 eadem
831 1759 990 1841 pensione
1020 1760 1062 1825 ad
1091 1758 1253 1825 haeredes
1284 1777 1359 1824 suos
1388 1756 1568 1839 utriusque

329 1885 429 1931 sexus
454 1866 598 1932 debeant
613 1866 785 1932 transire.
811 1919 818 1933 .
845 1918 851 1931 .
886 1867 1067 1933 Praeterea
1091 1868 1151 1931 hoc
1175 1865 1240 1932 fuit
1263 1865 1424 1931 insertum
1449 1872 1568 1947 pacto,

332 1979 369 2038 ut
392 1973 420 2038 si
444 1973 515 2054 ipse
539 1973 592 2039 vel
616 1974 666 2039 sui
691 1974 849 2040 haeredes
873 1972 1096 2055 saepedictam
1121 1974 1310 2056 pensionem
1333 1972 1366 2038 in
1388 1972 1569 2054 praedicto

330 2079 471 2146 termino
511 2099 575 2146 non
615 2081 822 2162 persolveret
858 2080 1015 2147 videlicet
1048 2080 1096 2145 xii
1130 2081 1250 2162 libras,
1289 2098 1375 2145 auno
1416 2080 1569 2145 seeundo

332 2188 476 2252 debeant
503 2187 607 2269 ipsam
632 2187 811 2269 duplicare,
841 2188 959 2269 quodsi
983 2188 1071 2254 forte
1100 2188 1171 2269 ipse
1193 2188 1244 2253 vel
1267 2188 1425 2253 lreeredes
1449 2187 1504 2253 sui
1533 2187 1568 2253 in

331 2295 472 2360 secundo
497 2314 583 2360 anno
606 2294 811 2361 cessaverint
834 2302 869 2361 et
884 2313 987 2377 usque
1003 2295 1035 2360 in
1057 2295 1195 2361 tercium
1217 2314 1336 2361 ιιιιιιιιιι
1359 2302 1568 2376 expectave-

332 2400 410 2483 rint,
435 2408 516 2467 tuuc
538 2402 571 2467 in
596 2419 735 2483 paenam
760 2403 949 2484 pensionem
974 2402 1078 2485 ipsam
1103 2402 1137 2467 in
1161 2402 1379 2485 quadruplum
1401 2402 1567 2468 videlicet

330 2508 427 2574 xlviii
460 2509 564 2575 libras
600 2509 730 2576 solvere
766 2514 953 2576 teneantur.
1010 2511 1094 2575 Item
1130 2509 1158 2576 si
1195 2510 1267 2592 ipse
1304 2509 1358 2576 vel
1396 2510 1567 2575 haeredes

331 2614 381 2682 sui
405 2616 505 2681 etiam
529 2618 633 2682 tercio
658 2634 743 2681 anuo
767 2623 837 2683 toto
862 2618 974 2699 elapso
991 2636 1012 2683 ι
1028 2616 1184 2699 pensione
1208 2616 1420 2699 cessaverint,
1446 2616 1568 2683 aiure

333 2742 393 2789 suo
417 2723 536 2789 cadere
560 2724 720 2789 ιιιιιιιιιι4
735 2722 769 2809 ²).

422 2830 543 2895 Probst
566 2829 730 2896 Witemar
753 2850 816 2898 von
833 2830 958 2896 Wilteu
982 2830 1125 2897 verleiht
1151 2830 1234 2896 1267
1256 2831 1315 2895 ruit
1330 2830 1569 2914 Zustimmung

334 2937 392 3002 des
417 2936 591 3003 Kouvents
614 2936 788 3003 Ludewico
818 2936 1011 3020 cognomine
1035 2938 1176 3004 lesaoh
1208 2944 1242 3003 et
1265 2938 1360 3003 uxori
1392 2956 1450 3003 sue
1474 2937 1569 3003 Ger-

335 3044 429 3110 drudi
454 3051 488 3110 et
510 3044 654 3127 ipsorum
683 3044 860 3111 heredibus
892 3046 1021 3111 domum
1050 3052 1195 3110 nostram
1225 3044 1257 3110 in
1284 3047 1356 3111 loro
1380 3045 1568 3127 Insprukk,

334 3152 368 3217 in
393 3171 457 3233 qua
480 3164 578 3233 pater
606 3170 684 3217 suus
712 3151 883 3217 residebat
912 3160 946 3218 et
974 3152 1234 3217 elramerloutum
1265 3152 1306 3217 de
1335 3151 1416 3217 villa
1444 3159 1569 3217 nostra

334 3265 368 3325 ιι
399 3259 548 3340 predium
581 3265 727 3325 nostrum
759 3259 792 3324 iu
823 3258 928 3325 Riede
961 3277 1055 3324 secus
1086 3258 1199 3324 villam
1231 3256 1369 3337 Natrs³l
1404 3260 1466 3324 sub
1502 3259 1570 3325 tali

335 3366 442 3432 forma
476 3373 511 3432 et
546 3365 754 3445 condicione,
797 3372 835 3430 ut
867 3364 1006 3447 singulis
1042 3364 1138 3431 anuis
1174 3365 1207 3430 iu
1248 3361 1337 3431 festo
1372 3384 1397 3430 s.
1424 3365 1569 3431 Martini

335 3492 467 3539 censum
491 3473 567 3539 iude
595 3472 785 3554 persolvant
818 3472 859 3536 de
888 3471 980 3538 domo
1012 3479 1084 3537 octo
1113 3471 1234 3553 libras,
1265 3472 1305 3538 de
1335 3472 1569 3539 chamerlanto

336 3600 395 3645 sex
423 3579 541 3661 libras,
570 3580 610 3645 de
639 3579 752 3661 predio
776 3578 880 3646 Riede
909 3598 1005 3645 unam
1029 3579 1211 3645 libram..
1237 3586 1304 3645 .et
1327 3578 1355 3644 si
1380 3579 1568 3662 predictum

336 3705 467 3752 censum
490 3698 635 3769 tempore
659 3692 729 3752 ιιιι
731 3692 787 3751 uto
731 3685 917 3768 uprimo
933 3705 1018 3751 auno
1035 3704 1099 3752 uon
1116 3686 1285 3767 solverint,
1262 3692 1395 3753 tauuo
1420 3688 1568 3753 secundo

337 3793 523 3874 duplicetur
540 3802 574 3859 ιι
590 3794 618 3859 si
560 3793 742 3859 tadlruc
764 3812 805 3858 ex
826 3793 937 3873 aliqua
958 3794 1164 3859 coutumacia
1180 3799 1238 3859 aut
1254 3799 1417 3877 paupert
1397 3798 1453 3859 ιιι
1477 3813 1567 3860 anno

336 3901 440 3965 tercio
464 3899 647 3980 predictum
671 3918 803 3965 censum
828 3919 892 3965 nou
917 3900 1151 3982 persolverint,
1177 3902 1299 3967 cadant
1323 3901 1364 3967 ab
1390 3902 1479 3967 omni
1503 3920 1566 3967 suo

336 4008 407 4072 iure
431 4013 466 4071 ιι
489 4012 680 4073 revertatur
703 4007 736 4073 in
761 4012 905 4074 nostram
929 4006 1166 4089 possessiouem
1183 4007 1288 4073 libere
1305 4012 1340 4074 et
1363 4007 1476 4089 quiete
1493 4026 1566 4074 cum

337 4132 437 4179 censu
461 4113 626 4195 triplicato
609 4112 672 4198 0⁴.)

371 4242 563 4358 ffl¹lillrrom
578 4289 752 4359 Morienberg
770 4290 795 4343 S
807 4290 919 4345 73-74.

427 4380 491 4448 ²)v.
505 4379 649 4447 Hormayr
668 4378 763 4434 Goseh.
778 4379 869 4433 Tirols
888 4379 916 4431 II
936 4394 960 4434 ιι.
976 4379 1035 4433 128

426 4467 588 4536 ²)Nattors,
608 4468 679 4521 Dori
697 4468 766 4521 sudi.
786 4467 947 4523 Innsbruelr.

426 4559 446 4625 ⁴]
467 4556 534 4623 Kop.
550 4556 656 4609 llilteu
676 4556 722 4609 fol
737 4558 778 4610 ld.
811 4557 887 4609 Bei
877 4573 955 4626 Jener
968 4558 1089 4611 lliltner
1108 4558 1238 4611 llrlrunde
1257 4574 1311 4612 von
1331 4558 1408 4625 1234,
1430 4558 1474 4612 die
1487 4559 1566 4627 Rapp
